%YAML 1.1
%TAG !u! tag:unity3d.com,2011:
--- !u!29 &1
OcclusionCullingSettings:
  m_ObjectHideFlags: 0
  serializedVersion: 2
  m_OcclusionBakeSettings:
    smallestOccluder: 5
    smallestHole: 0.25
    backfaceThreshold: 100
  m_SceneGUID: 00000000000000000000000000000000
  m_OcclusionCullingData: {fileID: 0}
--- !u!104 &2
RenderSettings:
  m_ObjectHideFlags: 0
  serializedVersion: 9
  m_Fog: 0
  m_FogColor: {r: 0.5, g: 0.5, b: 0.5, a: 1}
  m_FogMode: 3
  m_FogDensity: 0.01
  m_LinearFogStart: 0
  m_LinearFogEnd: 300
  m_AmbientSkyColor: {r: 0.5514706, g: 0.5514706, b: 0.5514706, a: 1}
  m_AmbientEquatorColor: {r: 0.47794116, g: 0.46739835, b: 0.46739835, a: 1}
  m_AmbientGroundColor: {r: 0.47794116, g: 0.46739835, b: 0.46739835, a: 1}
  m_AmbientIntensity: 1
  m_AmbientMode: 0
  m_SubtractiveShadowColor: {r: 0.42, g: 0.478, b: 0.627, a: 1}
  m_SkyboxMaterial: {fileID: 10304, guid: 0000000000000000f000000000000000, type: 0}
  m_HaloStrength: 0.5
  m_FlareStrength: 1
  m_FlareFadeSpeed: 3
  m_HaloTexture: {fileID: 0}
  m_SpotCookie: {fileID: 10001, guid: 0000000000000000e000000000000000, type: 0}
  m_DefaultReflectionMode: 0
  m_DefaultReflectionResolution: 128
  m_ReflectionBounces: 1
  m_ReflectionIntensity: 1
  m_CustomReflection: {fileID: 0}
  m_Sun: {fileID: 0}
  m_IndirectSpecularColor: {r: 0, g: 0, b: 0, a: 1}
  m_UseRadianceAmbientProbe: 0
--- !u!157 &4
LightmapSettings:
  m_ObjectHideFlags: 0
  serializedVersion: 11
  m_GIWorkflowMode: 0
  m_GISettings:
    serializedVersion: 2
    m_BounceScale: 1
    m_IndirectOutputScale: 1
    m_AlbedoBoost: 1
    m_TemporalCoherenceThreshold: 1
    m_EnvironmentLightingMode: 0
    m_EnableBakedLightmaps: 0
    m_EnableRealtimeLightmaps: 1
  m_LightmapEditorSettings:
    serializedVersion: 10
    m_Resolution: 1
    m_BakeResolution: 50
    m_AtlasSize: 1024
    m_AO: 1
    m_AOMaxDistance: 1
    m_CompAOExponent: 1
    m_CompAOExponentDirect: 0
    m_Padding: 2
    m_LightmapParameters: {fileID: 0}
    m_LightmapsBakeMode: 1
    m_TextureCompression: 0
    m_FinalGather: 0
    m_FinalGatherFiltering: 1
    m_FinalGatherRayCount: 256
    m_ReflectionCompression: 2
    m_MixedBakeMode: 0
    m_BakeBackend: 0
    m_PVRSampling: 1
    m_PVRDirectSampleCount: 32
    m_PVRSampleCount: 500
    m_PVRBounces: 2
    m_PVRFilterTypeDirect: 0
    m_PVRFilterTypeIndirect: 0
    m_PVRFilterTypeAO: 0
    m_PVRFilteringMode: 1
    m_PVRCulling: 1
    m_PVRFilteringGaussRadiusDirect: 1
    m_PVRFilteringGaussRadiusIndirect: 5
    m_PVRFilteringGaussRadiusAO: 2
    m_PVRFilteringAtrousPositionSigmaDirect: 0.5
    m_PVRFilteringAtrousPositionSigmaIndirect: 2
    m_PVRFilteringAtrousPositionSigmaAO: 1
    m_ShowResolutionOverlay: 1
  m_LightingDataAsset: {fileID: 0}
  m_UseShadowmask: 0
--- !u!196 &5
NavMeshSettings:
  serializedVersion: 2
  m_ObjectHideFlags: 0
  m_BuildSettings:
    serializedVersion: 2
    agentTypeID: 0
    agentRadius: 0.5
    agentHeight: 2
    agentSlope: 45
    agentClimb: 0.4
    ledgeDropHeight: 0
    maxJumpAcrossDistance: 0
    minRegionArea: 2
    manualCellSize: 0
    cellSize: 0.16666666
    manualTileSize: 0
    tileSize: 256
    accuratePlacement: 0
    debug:
      m_Flags: 0
  m_NavMeshData: {fileID: 0}
--- !u!1 &6389332
GameObject:
  m_ObjectHideFlags: 0
  m_PrefabParentObject: {fileID: 1853176047475632, guid: 0584839bceadb844fa31b1ca352056ba,
    type: 2}
  m_PrefabInternal: {fileID: 1978629799}
  serializedVersion: 5
  m_Component:
  - component: {fileID: 6389333}
  - component: {fileID: 6389334}
  m_Layer: 0
  m_Name: ' L Thigh'
  m_TagString: Untagged
  m_Icon: {fileID: 0}
  m_NavMeshLayer: 0
  m_StaticEditorFlags: 0
  m_IsActive: 1
--- !u!4 &6389333
Transform:
  m_ObjectHideFlags: 0
  m_PrefabParentObject: {fileID: 4486055896242480, guid: 0584839bceadb844fa31b1ca352056ba,
    type: 2}
  m_PrefabInternal: {fileID: 1978629799}
  m_GameObject: {fileID: 6389332}
  m_LocalRotation: {x: -0.7071068, y: 0, z: -0, w: 0.7071068}
  m_LocalPosition: {x: -0, y: 0, z: 0}
  m_LocalScale: {x: 1, y: 1, z: 1}
  m_Children: []
  m_Father: {fileID: 439719837}
  m_RootOrder: 3
  m_LocalEulerAnglesHint: {x: 0, y: 0, z: 0}
--- !u!137 &6389334
SkinnedMeshRenderer:
  m_ObjectHideFlags: 0
  m_PrefabParentObject: {fileID: 137238478014916058, guid: 0584839bceadb844fa31b1ca352056ba,
    type: 2}
  m_PrefabInternal: {fileID: 1978629799}
  m_GameObject: {fileID: 6389332}
  m_Enabled: 1
  m_CastShadows: 1
  m_ReceiveShadows: 1
  m_DynamicOccludee: 1
  m_MotionVectors: 1
  m_LightProbeUsage: 1
  m_ReflectionProbeUsage: 1
  m_RenderingLayerMask: 4294967295
  m_Materials:
  - {fileID: 2100000, guid: 4bd180b051e2ca54ebfe82cf04ec20a6, type: 2}
  m_StaticBatchInfo:
    firstSubMesh: 0
    subMeshCount: 0
  m_StaticBatchRoot: {fileID: 0}
  m_ProbeAnchor: {fileID: 0}
  m_LightProbeVolumeOverride: {fileID: 0}
  m_ScaleInLightmap: 1
  m_PreserveUVs: 0
  m_IgnoreNormalsForChartDetection: 0
  m_ImportantGI: 0
  m_StitchLightmapSeams: 0
  m_SelectedEditorRenderState: 3
  m_MinimumChartSize: 4
  m_AutoUVMaxDistance: 0.5
  m_AutoUVMaxAngle: 89
  m_LightmapParameters: {fileID: 0}
  m_SortingLayerID: 0
  m_SortingLayer: 0
  m_SortingOrder: 0
  serializedVersion: 2
  m_Quality: 0
  m_UpdateWhenOffscreen: 0
  m_SkinnedMotionVectors: 1
  m_Mesh: {fileID: 4300016, guid: fe2eb0b4e90413643a3ddc78c368140f, type: 3}
  m_Bones:
  - {fileID: 1911470919}
  - {fileID: 1133836777}
  - {fileID: 1047071642}
  - {fileID: 86050713}
  - {fileID: 2088664727}
  - {fileID: 1728021068}
  m_BlendShapeWeights: []
  m_RootBone: {fileID: 1728021068}
  m_AABB:
    m_Center: {x: -0.0047156624, y: 0.11666237, z: -0.20246309}
    m_Extent: {x: 0.110179916, y: 0.12526919, z: 0.24441683}
  m_DirtyAABB: 0
--- !u!1 &40771183
GameObject:
  m_ObjectHideFlags: 0
  m_PrefabParentObject: {fileID: 1178258089089136, guid: 0584839bceadb844fa31b1ca352056ba,
    type: 2}
  m_PrefabInternal: {fileID: 1978629799}
  serializedVersion: 5
  m_Component:
  - component: {fileID: 40771184}
  - component: {fileID: 40771185}
  m_Layer: 0
  m_Name: L Calf
  m_TagString: Untagged
  m_Icon: {fileID: 0}
  m_NavMeshLayer: 0
  m_StaticEditorFlags: 0
  m_IsActive: 1
--- !u!4 &40771184
Transform:
  m_ObjectHideFlags: 0
  m_PrefabParentObject: {fileID: 4904846061326490, guid: 0584839bceadb844fa31b1ca352056ba,
    type: 2}
  m_PrefabInternal: {fileID: 1978629799}
  m_GameObject: {fileID: 40771183}
  m_LocalRotation: {x: -0.7071068, y: 0, z: -0, w: 0.7071068}
  m_LocalPosition: {x: -0, y: 0, z: 0}
  m_LocalScale: {x: 1, y: 1, z: 1}
  m_Children: []
  m_Father: {fileID: 439719837}
  m_RootOrder: 7
  m_LocalEulerAnglesHint: {x: 0, y: 0, z: 0}
--- !u!137 &40771185
SkinnedMeshRenderer:
  m_ObjectHideFlags: 0
  m_PrefabParentObject: {fileID: 137452182919886940, guid: 0584839bceadb844fa31b1ca352056ba,
    type: 2}
  m_PrefabInternal: {fileID: 1978629799}
  m_GameObject: {fileID: 40771183}
  m_Enabled: 1
  m_CastShadows: 1
  m_ReceiveShadows: 1
  m_DynamicOccludee: 1
  m_MotionVectors: 1
  m_LightProbeUsage: 1
  m_ReflectionProbeUsage: 1
  m_RenderingLayerMask: 4294967295
  m_Materials:
  - {fileID: 2100000, guid: 4bd180b051e2ca54ebfe82cf04ec20a6, type: 2}
  m_StaticBatchInfo:
    firstSubMesh: 0
    subMeshCount: 0
  m_StaticBatchRoot: {fileID: 0}
  m_ProbeAnchor: {fileID: 0}
  m_LightProbeVolumeOverride: {fileID: 0}
  m_ScaleInLightmap: 1
  m_PreserveUVs: 0
  m_IgnoreNormalsForChartDetection: 0
  m_ImportantGI: 0
  m_StitchLightmapSeams: 0
  m_SelectedEditorRenderState: 3
  m_MinimumChartSize: 4
  m_AutoUVMaxDistance: 0.5
  m_AutoUVMaxAngle: 89
  m_LightmapParameters: {fileID: 0}
  m_SortingLayerID: 0
  m_SortingLayer: 0
  m_SortingOrder: 0
  serializedVersion: 2
  m_Quality: 0
  m_UpdateWhenOffscreen: 0
  m_SkinnedMotionVectors: 1
  m_Mesh: {fileID: 4300008, guid: fe2eb0b4e90413643a3ddc78c368140f, type: 3}
  m_Bones:
  - {fileID: 2088664727}
  - {fileID: 1911470919}
  - {fileID: 1133836777}
  - {fileID: 1782160147}
  - {fileID: 86050713}
  - {fileID: 234378773}
  m_BlendShapeWeights: []
  m_RootBone: {fileID: 1133836777}
  m_AABB:
    m_Center: {x: 0.5616, y: -0.0327539, z: 0.17362973}
    m_Extent: {x: 0.31074697, y: 0.15151276, z: 0.12816474}
  m_DirtyAABB: 0
--- !u!1 &86050712
GameObject:
  m_ObjectHideFlags: 0
  m_PrefabParentObject: {fileID: 1711214879339740, guid: 0584839bceadb844fa31b1ca352056ba,
    type: 2}
  m_PrefabInternal: {fileID: 1978629799}
  serializedVersion: 5
  m_Component:
  - component: {fileID: 86050713}
  m_Layer: 0
  m_Name: Bip01 R Thigh
  m_TagString: Untagged
  m_Icon: {fileID: 0}
  m_NavMeshLayer: 0
  m_StaticEditorFlags: 0
  m_IsActive: 1
--- !u!4 &86050713
Transform:
  m_ObjectHideFlags: 0
  m_PrefabParentObject: {fileID: 4375635431441544, guid: 0584839bceadb844fa31b1ca352056ba,
    type: 2}
  m_PrefabInternal: {fileID: 1978629799}
  m_GameObject: {fileID: 86050712}
  m_LocalRotation: {x: 0.101984255, y: 0.99180675, z: 0.007670498, w: -0.07654973}
  m_LocalPosition: {x: 0.09034889, y: -0.017834948, z: -0.08011678}
  m_LocalScale: {x: 1, y: 1.0000001, z: 1.0000001}
  m_Children:
  - {fileID: 1637804539}
  m_Father: {fileID: 1047071642}
  m_RootOrder: 1
  m_LocalEulerAnglesHint: {x: 0, y: 0, z: 0}
--- !u!1 &179037817
GameObject:
  m_ObjectHideFlags: 0
  m_PrefabParentObject: {fileID: 1074072323130556, guid: 0584839bceadb844fa31b1ca352056ba,
    type: 2}
  m_PrefabInternal: {fileID: 1978629799}
  serializedVersion: 5
  m_Component:
  - component: {fileID: 179037818}
  - component: {fileID: 179037819}
  m_Layer: 0
  m_Name: R Spine
  m_TagString: Untagged
  m_Icon: {fileID: 0}
  m_NavMeshLayer: 0
  m_StaticEditorFlags: 0
  m_IsActive: 1
--- !u!4 &179037818
Transform:
  m_ObjectHideFlags: 0
  m_PrefabParentObject: {fileID: 4543446502415024, guid: 0584839bceadb844fa31b1ca352056ba,
    type: 2}
  m_PrefabInternal: {fileID: 1978629799}
  m_GameObject: {fileID: 179037817}
  m_LocalRotation: {x: -0.7071068, y: 0, z: -0, w: 0.7071068}
  m_LocalPosition: {x: -0, y: 0, z: 0}
  m_LocalScale: {x: 1, y: 1, z: 1}
  m_Children: []
  m_Father: {fileID: 439719837}
  m_RootOrder: 15
  m_LocalEulerAnglesHint: {x: 0, y: 0, z: 0}
--- !u!137 &179037819
SkinnedMeshRenderer:
  m_ObjectHideFlags: 0
  m_PrefabParentObject: {fileID: 137858635011544706, guid: 0584839bceadb844fa31b1ca352056ba,
    type: 2}
  m_PrefabInternal: {fileID: 1978629799}
  m_GameObject: {fileID: 179037817}
  m_Enabled: 1
  m_CastShadows: 1
  m_ReceiveShadows: 1
  m_DynamicOccludee: 1
  m_MotionVectors: 1
  m_LightProbeUsage: 1
  m_ReflectionProbeUsage: 1
  m_RenderingLayerMask: 4294967295
  m_Materials:
  - {fileID: 2100000, guid: 4bd180b051e2ca54ebfe82cf04ec20a6, type: 2}
  m_StaticBatchInfo:
    firstSubMesh: 0
    subMeshCount: 0
  m_StaticBatchRoot: {fileID: 0}
  m_ProbeAnchor: {fileID: 0}
  m_LightProbeVolumeOverride: {fileID: 0}
  m_ScaleInLightmap: 1
  m_PreserveUVs: 0
  m_IgnoreNormalsForChartDetection: 0
  m_ImportantGI: 0
  m_StitchLightmapSeams: 0
  m_SelectedEditorRenderState: 3
  m_MinimumChartSize: 4
  m_AutoUVMaxDistance: 0.5
  m_AutoUVMaxAngle: 89
  m_LightmapParameters: {fileID: 0}
  m_SortingLayerID: 0
  m_SortingLayer: 0
  m_SortingOrder: 0
  serializedVersion: 2
  m_Quality: 0
  m_UpdateWhenOffscreen: 0
  m_SkinnedMotionVectors: 1
  m_Mesh: {fileID: 4300024, guid: fe2eb0b4e90413643a3ddc78c368140f, type: 3}
  m_Bones:
  - {fileID: 1047071642}
  - {fileID: 405730894}
  - {fileID: 1133836777}
  - {fileID: 86050713}
  - {fileID: 1911470919}
  - {fileID: 1859774010}
  - {fileID: 328928297}
  - {fileID: 397127953}
  - {fileID: 1728021068}
  m_BlendShapeWeights: []
  m_RootBone: {fileID: 1728021068}
  m_AABB:
    m_Center: {x: 0.010578424, y: -0.040485766, z: 0.2867816}
    m_Extent: {x: 0.16834362, y: 0.11889385, z: 0.22239278}
  m_DirtyAABB: 0
--- !u!1 &200493937
GameObject:
  m_ObjectHideFlags: 0
  m_PrefabParentObject: {fileID: 1497435967520026, guid: 0584839bceadb844fa31b1ca352056ba,
    type: 2}
  m_PrefabInternal: {fileID: 1978629799}
  serializedVersion: 5
  m_Component:
  - component: {fileID: 200493938}
  - component: {fileID: 200493939}
  m_Layer: 0
  m_Name: R Forearm
  m_TagString: Untagged
  m_Icon: {fileID: 0}
  m_NavMeshLayer: 0
  m_StaticEditorFlags: 0
  m_IsActive: 1
--- !u!4 &200493938
Transform:
  m_ObjectHideFlags: 0
  m_PrefabParentObject: {fileID: 4612102568402044, guid: 0584839bceadb844fa31b1ca352056ba,
    type: 2}
  m_PrefabInternal: {fileID: 1978629799}
  m_GameObject: {fileID: 200493937}
  m_LocalRotation: {x: -0.7071068, y: 0, z: -0, w: 0.7071068}
  m_LocalPosition: {x: -0, y: 0, z: 0}
  m_LocalScale: {x: 1, y: 1, z: 1}
  m_Children: []
  m_Father: {fileID: 439719837}
  m_RootOrder: 13
  m_LocalEulerAnglesHint: {x: 0, y: 0, z: 0}
--- !u!137 &200493939
SkinnedMeshRenderer:
  m_ObjectHideFlags: 0
  m_PrefabParentObject: {fileID: 137402827517700904, guid: 0584839bceadb844fa31b1ca352056ba,
    type: 2}
  m_PrefabInternal: {fileID: 1978629799}
  m_GameObject: {fileID: 200493937}
  m_Enabled: 1
  m_CastShadows: 1
  m_ReceiveShadows: 1
  m_DynamicOccludee: 1
  m_MotionVectors: 1
  m_LightProbeUsage: 1
  m_ReflectionProbeUsage: 1
  m_RenderingLayerMask: 4294967295
  m_Materials:
  - {fileID: 2100000, guid: 4bd180b051e2ca54ebfe82cf04ec20a6, type: 2}
  m_StaticBatchInfo:
    firstSubMesh: 0
    subMeshCount: 0
  m_StaticBatchRoot: {fileID: 0}
  m_ProbeAnchor: {fileID: 0}
  m_LightProbeVolumeOverride: {fileID: 0}
  m_ScaleInLightmap: 1
  m_PreserveUVs: 0
  m_IgnoreNormalsForChartDetection: 0
  m_ImportantGI: 0
  m_StitchLightmapSeams: 0
  m_SelectedEditorRenderState: 3
  m_MinimumChartSize: 4
  m_AutoUVMaxDistance: 0.5
  m_AutoUVMaxAngle: 89
  m_LightmapParameters: {fileID: 0}
  m_SortingLayerID: 0
  m_SortingLayer: 0
  m_SortingOrder: 0
  serializedVersion: 2
  m_Quality: 0
  m_UpdateWhenOffscreen: 0
  m_SkinnedMotionVectors: 1
  m_Mesh: {fileID: 4300030, guid: fe2eb0b4e90413643a3ddc78c368140f, type: 3}
  m_Bones:
  - {fileID: 2041516040}
  - {fileID: 397127953}
  - {fileID: 1047071642}
  - {fileID: 405730894}
  - {fileID: 1483132189}
  m_BlendShapeWeights: []
  m_RootBone: {fileID: 1047071642}
  m_AABB:
    m_Center: {x: -0.26623687, y: -0.010918185, z: -0.47353753}
    m_Extent: {x: 0.14977261, y: 0.11890797, z: 0.19255403}
  m_DirtyAABB: 0
--- !u!1 &234378772
GameObject:
  m_ObjectHideFlags: 0
  m_PrefabParentObject: {fileID: 1612094400397754, guid: 0584839bceadb844fa31b1ca352056ba,
    type: 2}
  m_PrefabInternal: {fileID: 1978629799}
  serializedVersion: 5
  m_Component:
  - component: {fileID: 234378773}
  m_Layer: 0
  m_Name: Bip01 L Toe0
  m_TagString: Untagged
  m_Icon: {fileID: 0}
  m_NavMeshLayer: 0
  m_StaticEditorFlags: 0
  m_IsActive: 1
--- !u!4 &234378773
Transform:
  m_ObjectHideFlags: 0
  m_PrefabParentObject: {fileID: 4537602508698250, guid: 0584839bceadb844fa31b1ca352056ba,
    type: 2}
  m_PrefabInternal: {fileID: 1978629799}
  m_GameObject: {fileID: 234378772}
  m_LocalRotation: {x: -0.000000015454312, y: 0.000000015454312, z: -0.7071068, w: 0.7071068}
  m_LocalPosition: {x: -0.09213435, y: 0.118572555, z: 0}
  m_LocalScale: {x: 1, y: 1, z: 1}
  m_Children: []
  m_Father: {fileID: 1782160147}
  m_RootOrder: 0
  m_LocalEulerAnglesHint: {x: 0, y: 0, z: 0}
--- !u!1 &248565816
GameObject:
  m_ObjectHideFlags: 0
  m_PrefabParentObject: {fileID: 1446055194360854, guid: 0584839bceadb844fa31b1ca352056ba,
    type: 2}
  m_PrefabInternal: {fileID: 1978629799}
  serializedVersion: 5
  m_Component:
  - component: {fileID: 248565817}
  m_Layer: 0
  m_Name: Bip01 R Toe0
  m_TagString: Untagged
  m_Icon: {fileID: 0}
  m_NavMeshLayer: 0
  m_StaticEditorFlags: 0
  m_IsActive: 1
--- !u!4 &248565817
Transform:
  m_ObjectHideFlags: 0
  m_PrefabParentObject: {fileID: 4190032063350480, guid: 0584839bceadb844fa31b1ca352056ba,
    type: 2}
  m_PrefabInternal: {fileID: 1978629799}
  m_GameObject: {fileID: 248565816}
  m_LocalRotation: {x: 0.000000015454313, y: -0.000000015454313, z: -0.7071068, w: 0.7071068}
  m_LocalPosition: {x: -0.09213435, y: 0.11857254, z: 0}
  m_LocalScale: {x: 1, y: 1, z: 1}
  m_Children: []
  m_Father: {fileID: 1613820628}
  m_RootOrder: 0
  m_LocalEulerAnglesHint: {x: 0, y: 0, z: 0}
--- !u!1 &328928296
GameObject:
  m_ObjectHideFlags: 0
  m_PrefabParentObject: {fileID: 1467782292888138, guid: 0584839bceadb844fa31b1ca352056ba,
    type: 2}
  m_PrefabInternal: {fileID: 1978629799}
  serializedVersion: 5
  m_Component:
  - component: {fileID: 328928297}
  m_Layer: 0
  m_Name: Bip01 R Clavicle
  m_TagString: Untagged
  m_Icon: {fileID: 0}
  m_NavMeshLayer: 0
  m_StaticEditorFlags: 0
  m_IsActive: 1
--- !u!4 &328928297
Transform:
  m_ObjectHideFlags: 0
  m_PrefabParentObject: {fileID: 4952675910428956, guid: 0584839bceadb844fa31b1ca352056ba,
    type: 2}
  m_PrefabInternal: {fileID: 1978629799}
  m_GameObject: {fileID: 328928296}
  m_LocalRotation: {x: 0.57403994, y: 0.2590004, z: 0.7080522, w: -0.3194668}
  m_LocalPosition: {x: -0, y: 0.00010047913, z: -0.02804082}
  m_LocalScale: {x: 1, y: 1, z: 1}
  m_Children:
  - {fileID: 397127953}
  m_Father: {fileID: 603373902}
  m_RootOrder: 2
  m_LocalEulerAnglesHint: {x: 0, y: 0, z: 0}
--- !u!1 &397127952
GameObject:
  m_ObjectHideFlags: 0
  m_PrefabParentObject: {fileID: 1422713045800670, guid: 0584839bceadb844fa31b1ca352056ba,
    type: 2}
  m_PrefabInternal: {fileID: 1978629799}
  serializedVersion: 5
  m_Component:
  - component: {fileID: 397127953}
  m_Layer: 0
  m_Name: Bip01 R UpperArm
  m_TagString: Untagged
  m_Icon: {fileID: 0}
  m_NavMeshLayer: 0
  m_StaticEditorFlags: 0
  m_IsActive: 1
--- !u!4 &397127953
Transform:
  m_ObjectHideFlags: 0
  m_PrefabParentObject: {fileID: 4843309005437270, guid: 0584839bceadb844fa31b1ca352056ba,
    type: 2}
  m_PrefabInternal: {fileID: 1978629799}
  m_GameObject: {fileID: 397127952}
  m_LocalRotation: {x: 0.1212695, y: 0.22002923, z: -0.107915044, w: 0.9618915}
  m_LocalPosition: {x: -0.15238845, y: 0.0000000047683715, z: 0}
  m_LocalScale: {x: 0.99999994, y: 0.9999999, z: 0.99999994}
  m_Children:
  - {fileID: 2041516040}
  m_Father: {fileID: 328928297}
  m_RootOrder: 0
  m_LocalEulerAnglesHint: {x: 0, y: 0, z: 0}
--- !u!1 &405730893
GameObject:
  m_ObjectHideFlags: 0
  m_PrefabParentObject: {fileID: 1105701325033784, guid: 0584839bceadb844fa31b1ca352056ba,
    type: 2}
  m_PrefabInternal: {fileID: 1978629799}
  serializedVersion: 5
  m_Component:
  - component: {fileID: 405730894}
  m_Layer: 0
  m_Name: Bip01 Spine1
  m_TagString: Untagged
  m_Icon: {fileID: 0}
  m_NavMeshLayer: 0
  m_StaticEditorFlags: 0
  m_IsActive: 1
--- !u!4 &405730894
Transform:
  m_ObjectHideFlags: 0
  m_PrefabParentObject: {fileID: 4406697722486180, guid: 0584839bceadb844fa31b1ca352056ba,
    type: 2}
  m_PrefabInternal: {fileID: 1978629799}
  m_GameObject: {fileID: 405730893}
  m_LocalRotation: {x: -9.823442e-14, y: 0.00000015035671, z: -0.05420994, w: 0.9985296}
  m_LocalPosition: {x: -0.2695715, y: -0.00020002364, z: -5.54719e-10}
  m_LocalScale: {x: 1, y: 1, z: 1}
  m_Children:
  - {fileID: 603373902}
  m_Father: {fileID: 1047071642}
  m_RootOrder: 2
  m_LocalEulerAnglesHint: {x: 0, y: 0, z: 0}
--- !u!1 &417774511
GameObject:
  m_ObjectHideFlags: 0
  m_PrefabParentObject: {fileID: 1631324403636872, guid: 0584839bceadb844fa31b1ca352056ba,
    type: 2}
  m_PrefabInternal: {fileID: 1978629799}
  serializedVersion: 5
  m_Component:
  - component: {fileID: 417774512}
  - component: {fileID: 417774513}
  m_Layer: 0
  m_Name: ' Head'
  m_TagString: Untagged
  m_Icon: {fileID: 0}
  m_NavMeshLayer: 0
  m_StaticEditorFlags: 0
  m_IsActive: 1
--- !u!4 &417774512
Transform:
  m_ObjectHideFlags: 0
  m_PrefabParentObject: {fileID: 4465147877298448, guid: 0584839bceadb844fa31b1ca352056ba,
    type: 2}
  m_PrefabInternal: {fileID: 1978629799}
  m_GameObject: {fileID: 417774511}
  m_LocalRotation: {x: -0.7071068, y: 0, z: -0, w: 0.7071068}
  m_LocalPosition: {x: -0, y: 0, z: 0}
  m_LocalScale: {x: 1, y: 1, z: 1}
  m_Children: []
  m_Father: {fileID: 439719837}
  m_RootOrder: 0
  m_LocalEulerAnglesHint: {x: 0, y: 0, z: 0}
--- !u!137 &417774513
SkinnedMeshRenderer:
  m_ObjectHideFlags: 0
  m_PrefabParentObject: {fileID: 137878835445097416, guid: 0584839bceadb844fa31b1ca352056ba,
    type: 2}
  m_PrefabInternal: {fileID: 1978629799}
  m_GameObject: {fileID: 417774511}
  m_Enabled: 1
  m_CastShadows: 1
  m_ReceiveShadows: 1
  m_DynamicOccludee: 1
  m_MotionVectors: 1
  m_LightProbeUsage: 1
  m_ReflectionProbeUsage: 1
  m_RenderingLayerMask: 4294967295
  m_Materials:
  - {fileID: 2100000, guid: 4bd180b051e2ca54ebfe82cf04ec20a6, type: 2}
  m_StaticBatchInfo:
    firstSubMesh: 0
    subMeshCount: 0
  m_StaticBatchRoot: {fileID: 0}
  m_ProbeAnchor: {fileID: 0}
  m_LightProbeVolumeOverride: {fileID: 0}
  m_ScaleInLightmap: 1
  m_PreserveUVs: 0
  m_IgnoreNormalsForChartDetection: 0
  m_ImportantGI: 0
  m_StitchLightmapSeams: 0
  m_SelectedEditorRenderState: 3
  m_MinimumChartSize: 4
  m_AutoUVMaxDistance: 0.5
  m_AutoUVMaxAngle: 89
  m_LightmapParameters: {fileID: 0}
  m_SortingLayerID: 0
  m_SortingLayer: 0
  m_SortingOrder: 0
  serializedVersion: 2
  m_Quality: 0
  m_UpdateWhenOffscreen: 0
  m_SkinnedMotionVectors: 1
  m_Mesh: {fileID: 4300004, guid: fe2eb0b4e90413643a3ddc78c368140f, type: 3}
  m_Bones:
  - {fileID: 650999947}
  - {fileID: 603373902}
  - {fileID: 405730894}
  - {fileID: 1518084014}
  - {fileID: 1859774010}
  - {fileID: 328928297}
  - {fileID: 2075180204}
  - {fileID: 397127953}
  m_BlendShapeWeights: []
  m_RootBone: {fileID: 405730894}
  m_AABB:
    m_Center: {x: -0.40291405, y: 0.10811783, z: 0.00000026077032}
    m_Extent: {x: 0.16522883, y: 0.13977434, z: 0.08768336}
  m_DirtyAABB: 0
--- !u!1 &439719835
GameObject:
  m_ObjectHideFlags: 0
  m_PrefabParentObject: {fileID: 1300611964618398, guid: 0584839bceadb844fa31b1ca352056ba,
    type: 2}
  m_PrefabInternal: {fileID: 1978629799}
  serializedVersion: 5
  m_Component:
  - component: {fileID: 439719837}
  - component: {fileID: 439719836}
  m_Layer: 0
  m_Name: Zombie
  m_TagString: Untagged
  m_Icon: {fileID: 0}
  m_NavMeshLayer: 0
  m_StaticEditorFlags: 0
  m_IsActive: 1
--- !u!95 &439719836
Animator:
  serializedVersion: 3
  m_ObjectHideFlags: 0
  m_PrefabParentObject: {fileID: 95053064929079256, guid: 0584839bceadb844fa31b1ca352056ba,
    type: 2}
  m_PrefabInternal: {fileID: 1978629799}
  m_GameObject: {fileID: 439719835}
  m_Enabled: 1
  m_Avatar: {fileID: 9000000, guid: fe2eb0b4e90413643a3ddc78c368140f, type: 3}
  m_Controller: {fileID: 9100000, guid: e10558744504b244599302a4ca2e3be3, type: 2}
  m_CullingMode: 1
  m_UpdateMode: 0
  m_ApplyRootMotion: 1
  m_LinearVelocityBlending: 0
  m_WarningMessage: 
  m_HasTransformHierarchy: 1
  m_AllowConstantClipSamplingOptimization: 1
  m_KeepAnimatorControllerStateOnDisable: 0
--- !u!4 &439719837
Transform:
  m_ObjectHideFlags: 0
  m_PrefabParentObject: {fileID: 4846736819855508, guid: 0584839bceadb844fa31b1ca352056ba,
    type: 2}
  m_PrefabInternal: {fileID: 1978629799}
  m_GameObject: {fileID: 439719835}
  m_LocalRotation: {x: 0, y: 0, z: 0, w: 1}
  m_LocalPosition: {x: 0, y: 0, z: 0}
  m_LocalScale: {x: 1, y: 1, z: 1}
  m_Children:
  - {fileID: 417774512}
  - {fileID: 506893711}
  - {fileID: 446056906}
  - {fileID: 6389333}
  - {fileID: 1921944333}
  - {fileID: 1484491759}
  - {fileID: 1728021068}
  - {fileID: 40771184}
  - {fileID: 1514019898}
  - {fileID: 973113174}
  - {fileID: 725215617}
  - {fileID: 2080674177}
  - {fileID: 692658943}
  - {fileID: 200493938}
  - {fileID: 1086514446}
  - {fileID: 179037818}
  - {fileID: 1700329474}
  - {fileID: 1538814561}
  m_Father: {fileID: 0}
  m_RootOrder: 1
  m_LocalEulerAnglesHint: {x: 0, y: 0, z: 0}
--- !u!1 &446056905
GameObject:
  m_ObjectHideFlags: 0
  m_PrefabParentObject: {fileID: 1893299787404896, guid: 0584839bceadb844fa31b1ca352056ba,
    type: 2}
  m_PrefabInternal: {fileID: 1978629799}
  serializedVersion: 5
  m_Component:
  - component: {fileID: 446056906}
  - component: {fileID: 446056907}
  m_Layer: 0
  m_Name: ' L Pelvis'
  m_TagString: Untagged
  m_Icon: {fileID: 0}
  m_NavMeshLayer: 0
  m_StaticEditorFlags: 0
  m_IsActive: 1
--- !u!4 &446056906
Transform:
  m_ObjectHideFlags: 0
  m_PrefabParentObject: {fileID: 4558952869301714, guid: 0584839bceadb844fa31b1ca352056ba,
    type: 2}
  m_PrefabInternal: {fileID: 1978629799}
  m_GameObject: {fileID: 446056905}
  m_LocalRotation: {x: -0.7071068, y: 0, z: -0, w: 0.7071068}
  m_LocalPosition: {x: -0, y: 0, z: 0}
  m_LocalScale: {x: 1, y: 1, z: 1}
  m_Children: []
  m_Father: {fileID: 439719837}
  m_RootOrder: 2
  m_LocalEulerAnglesHint: {x: 0, y: 0, z: 0}
--- !u!137 &446056907
SkinnedMeshRenderer:
  m_ObjectHideFlags: 0
  m_PrefabParentObject: {fileID: 137077180577352388, guid: 0584839bceadb844fa31b1ca352056ba,
    type: 2}
  m_PrefabInternal: {fileID: 1978629799}
  m_GameObject: {fileID: 446056905}
  m_Enabled: 1
  m_CastShadows: 1
  m_ReceiveShadows: 1
  m_DynamicOccludee: 1
  m_MotionVectors: 1
  m_LightProbeUsage: 1
  m_ReflectionProbeUsage: 1
  m_RenderingLayerMask: 4294967295
  m_Materials:
  - {fileID: 2100000, guid: 4bd180b051e2ca54ebfe82cf04ec20a6, type: 2}
  m_StaticBatchInfo:
    firstSubMesh: 0
    subMeshCount: 0
  m_StaticBatchRoot: {fileID: 0}
  m_ProbeAnchor: {fileID: 0}
  m_LightProbeVolumeOverride: {fileID: 0}
  m_ScaleInLightmap: 1
  m_PreserveUVs: 0
  m_IgnoreNormalsForChartDetection: 0
  m_ImportantGI: 0
  m_StitchLightmapSeams: 0
  m_SelectedEditorRenderState: 3
  m_MinimumChartSize: 4
  m_AutoUVMaxDistance: 0.5
  m_AutoUVMaxAngle: 89
  m_LightmapParameters: {fileID: 0}
  m_SortingLayerID: 0
  m_SortingLayer: 0
  m_SortingOrder: 0
  serializedVersion: 2
  m_Quality: 0
  m_UpdateWhenOffscreen: 0
  m_SkinnedMotionVectors: 1
  m_Mesh: {fileID: 4300022, guid: fe2eb0b4e90413643a3ddc78c368140f, type: 3}
  m_Bones:
  - {fileID: 1911470919}
  - {fileID: 1133836777}
  - {fileID: 86050713}
  - {fileID: 1047071642}
  - {fileID: 2075180204}
  - {fileID: 1728021068}
  - {fileID: 405730894}
  m_BlendShapeWeights: []
  m_RootBone: {fileID: 1728021068}
  m_AABB:
    m_Center: {x: 0.003456831, y: 0.07680747, z: 0.025609955}
    m_Extent: {x: 0.13643982, y: 0.11698, z: 0.1674015}
  m_DirtyAABB: 0
--- !u!1 &506893710
GameObject:
  m_ObjectHideFlags: 0
  m_PrefabParentObject: {fileID: 1504637166610822, guid: 0584839bceadb844fa31b1ca352056ba,
    type: 2}
  m_PrefabInternal: {fileID: 1978629799}
  serializedVersion: 5
  m_Component:
  - component: {fileID: 506893711}
  - component: {fileID: 506893712}
  m_Layer: 0
  m_Name: ' L Forearm'
  m_TagString: Untagged
  m_Icon: {fileID: 0}
  m_NavMeshLayer: 0
  m_StaticEditorFlags: 0
  m_IsActive: 1
--- !u!4 &506893711
Transform:
  m_ObjectHideFlags: 0
  m_PrefabParentObject: {fileID: 4201607048242562, guid: 0584839bceadb844fa31b1ca352056ba,
    type: 2}
  m_PrefabInternal: {fileID: 1978629799}
  m_GameObject: {fileID: 506893710}
  m_LocalRotation: {x: -0.7071068, y: 0, z: -0, w: 0.7071068}
  m_LocalPosition: {x: -0, y: 0, z: 0}
  m_LocalScale: {x: 1, y: 1, z: 1}
  m_Children: []
  m_Father: {fileID: 439719837}
  m_RootOrder: 1
  m_LocalEulerAnglesHint: {x: 0, y: 0, z: 0}
--- !u!137 &506893712
SkinnedMeshRenderer:
  m_ObjectHideFlags: 0
  m_PrefabParentObject: {fileID: 137178184306640396, guid: 0584839bceadb844fa31b1ca352056ba,
    type: 2}
  m_PrefabInternal: {fileID: 1978629799}
  m_GameObject: {fileID: 506893710}
  m_Enabled: 1
  m_CastShadows: 1
  m_ReceiveShadows: 1
  m_DynamicOccludee: 1
  m_MotionVectors: 1
  m_LightProbeUsage: 1
  m_ReflectionProbeUsage: 1
  m_RenderingLayerMask: 4294967295
  m_Materials:
  - {fileID: 2100000, guid: 4bd180b051e2ca54ebfe82cf04ec20a6, type: 2}
  m_StaticBatchInfo:
    firstSubMesh: 0
    subMeshCount: 0
  m_StaticBatchRoot: {fileID: 0}
  m_ProbeAnchor: {fileID: 0}
  m_LightProbeVolumeOverride: {fileID: 0}
  m_ScaleInLightmap: 1
  m_PreserveUVs: 0
  m_IgnoreNormalsForChartDetection: 0
  m_ImportantGI: 0
  m_StitchLightmapSeams: 0
  m_SelectedEditorRenderState: 3
  m_MinimumChartSize: 4
  m_AutoUVMaxDistance: 0.5
  m_AutoUVMaxAngle: 89
  m_LightmapParameters: {fileID: 0}
  m_SortingLayerID: 0
  m_SortingLayer: 0
  m_SortingOrder: 0
  serializedVersion: 2
  m_Quality: 0
  m_UpdateWhenOffscreen: 0
  m_SkinnedMotionVectors: 1
  m_Mesh: {fileID: 4300000, guid: fe2eb0b4e90413643a3ddc78c368140f, type: 3}
  m_Bones:
  - {fileID: 1669589450}
  - {fileID: 2075180204}
  - {fileID: 1047071642}
  - {fileID: 405730894}
  - {fileID: 1430005179}
  - {fileID: 1728021068}
  m_BlendShapeWeights: []
  m_RootBone: {fileID: 1728021068}
  m_AABB:
    m_Center: {x: 0.041451816, y: 0.47353816, z: 0.3538779}
    m_Extent: {x: 0.14636809, y: 0.19255386, z: 0.14603077}
  m_DirtyAABB: 0
--- !u!1 &565330580
GameObject:
  m_ObjectHideFlags: 0
  m_PrefabParentObject: {fileID: 0}
  m_PrefabInternal: {fileID: 0}
  serializedVersion: 5
  m_Component:
  - component: {fileID: 565330585}
  - component: {fileID: 565330584}
  - component: {fileID: 565330583}
  - component: {fileID: 565330582}
  - component: {fileID: 565330581}
  m_Layer: 0
  m_Name: Main Camera
  m_TagString: MainCamera
  m_Icon: {fileID: 0}
  m_NavMeshLayer: 0
  m_StaticEditorFlags: 0
  m_IsActive: 1
--- !u!81 &565330581
AudioListener:
  m_ObjectHideFlags: 0
  m_PrefabParentObject: {fileID: 0}
  m_PrefabInternal: {fileID: 0}
  m_GameObject: {fileID: 565330580}
  m_Enabled: 1
--- !u!124 &565330582
Behaviour:
  m_ObjectHideFlags: 0
  m_PrefabParentObject: {fileID: 0}
  m_PrefabInternal: {fileID: 0}
  m_GameObject: {fileID: 565330580}
  m_Enabled: 1
--- !u!92 &565330583
Behaviour:
  m_ObjectHideFlags: 0
  m_PrefabParentObject: {fileID: 0}
  m_PrefabInternal: {fileID: 0}
  m_GameObject: {fileID: 565330580}
  m_Enabled: 1
--- !u!20 &565330584
Camera:
  m_ObjectHideFlags: 0
  m_PrefabParentObject: {fileID: 0}
  m_PrefabInternal: {fileID: 0}
  m_GameObject: {fileID: 565330580}
  m_Enabled: 1
  serializedVersion: 2
  m_ClearFlags: 1
  m_BackGroundColor: {r: 0.23464534, g: 0.5147059, b: 0.45676228, a: 0.019607844}
  m_NormalizedViewPortRect:
    serializedVersion: 2
    x: 0
    y: 0
    width: 1
    height: 1
  near clip plane: 0.3
  far clip plane: 1000
  field of view: 60
  orthographic: 0
  orthographic size: 5
  m_Depth: -1
  m_CullingMask:
    serializedVersion: 2
    m_Bits: 4294967295
  m_RenderingPath: -1
  m_TargetTexture: {fileID: 0}
  m_TargetDisplay: 0
  m_TargetEye: 3
  m_HDR: 0
  m_AllowMSAA: 1
  m_AllowDynamicResolution: 0
  m_ForceIntoRT: 0
  m_OcclusionCulling: 1
  m_StereoConvergence: 10
  m_StereoSeparation: 0.022
--- !u!4 &565330585
Transform:
  m_ObjectHideFlags: 0
  m_PrefabParentObject: {fileID: 0}
  m_PrefabInternal: {fileID: 0}
  m_GameObject: {fileID: 565330580}
  m_LocalRotation: {x: -0, y: -0.99999493, z: -0, w: 0.003187927}
  m_LocalPosition: {x: 0.04495798, y: 1.3143227, z: 2.685}
  m_LocalScale: {x: 1, y: 1, z: 1}
  m_Children: []
  m_Father: {fileID: 0}
  m_RootOrder: 0
  m_LocalEulerAnglesHint: {x: 0, y: 180.36499, z: 0}
--- !u!1 &603373901
GameObject:
  m_ObjectHideFlags: 0
  m_PrefabParentObject: {fileID: 1445255633615846, guid: 0584839bceadb844fa31b1ca352056ba,
    type: 2}
  m_PrefabInternal: {fileID: 1978629799}
  serializedVersion: 5
  m_Component:
  - component: {fileID: 603373902}
  m_Layer: 0
  m_Name: Bip01 Neck
  m_TagString: Untagged
  m_Icon: {fileID: 0}
  m_NavMeshLayer: 0
  m_StaticEditorFlags: 0
  m_IsActive: 1
--- !u!4 &603373902
Transform:
  m_ObjectHideFlags: 0
  m_PrefabParentObject: {fileID: 4578689533793888, guid: 0584839bceadb844fa31b1ca352056ba,
    type: 2}
  m_PrefabInternal: {fileID: 1978629799}
  m_GameObject: {fileID: 603373901}
  m_LocalRotation: {x: 1.5262368e-14, y: 0.0000011396826, z: -0.41090375, w: 0.91167873}
  m_LocalPosition: {x: -0.25273368, y: -0.000066537854, z: -1.845001e-10}
  m_LocalScale: {x: 1, y: 1, z: 0.99999994}
  m_Children:
  - {fileID: 650999947}
  - {fileID: 1859774010}
  - {fileID: 328928297}
  m_Father: {fileID: 405730894}
  m_RootOrder: 0
  m_LocalEulerAnglesHint: {x: 0, y: 0, z: 0}
--- !u!1 &650999946
GameObject:
  m_ObjectHideFlags: 0
  m_PrefabParentObject: {fileID: 1490804052102734, guid: 0584839bceadb844fa31b1ca352056ba,
    type: 2}
  m_PrefabInternal: {fileID: 1978629799}
  serializedVersion: 5
  m_Component:
  - component: {fileID: 650999947}
  m_Layer: 0
  m_Name: Bip01 Head
  m_TagString: Untagged
  m_Icon: {fileID: 0}
  m_NavMeshLayer: 0
  m_StaticEditorFlags: 0
  m_IsActive: 1
--- !u!4 &650999947
Transform:
  m_ObjectHideFlags: 0
  m_PrefabParentObject: {fileID: 4712930021742370, guid: 0584839bceadb844fa31b1ca352056ba,
    type: 2}
  m_PrefabInternal: {fileID: 1978629799}
  m_GameObject: {fileID: 650999946}
  m_LocalRotation: {x: -4.9632846e-13, y: -0.0000009903237, z: 0.35705414, w: 0.9340837}
  m_LocalPosition: {x: -0.12610061, y: 0, z: 0}
  m_LocalScale: {x: 0.99999994, y: 1, z: 0.99999994}
  m_Children:
  - {fileID: 1518084014}
  m_Father: {fileID: 603373902}
  m_RootOrder: 0
  m_LocalEulerAnglesHint: {x: 0, y: 0, z: 0}
--- !u!1 &692658942
GameObject:
  m_ObjectHideFlags: 0
  m_PrefabParentObject: {fileID: 1029473306467566, guid: 0584839bceadb844fa31b1ca352056ba,
    type: 2}
  m_PrefabInternal: {fileID: 1978629799}
  serializedVersion: 5
  m_Component:
  - component: {fileID: 692658943}
  - component: {fileID: 692658944}
  m_Layer: 0
  m_Name: R Calf
  m_TagString: Untagged
  m_Icon: {fileID: 0}
  m_NavMeshLayer: 0
  m_StaticEditorFlags: 0
  m_IsActive: 1
--- !u!4 &692658943
Transform:
  m_ObjectHideFlags: 0
  m_PrefabParentObject: {fileID: 4672325157288980, guid: 0584839bceadb844fa31b1ca352056ba,
    type: 2}
  m_PrefabInternal: {fileID: 1978629799}
  m_GameObject: {fileID: 692658942}
  m_LocalRotation: {x: -0.7071068, y: 0, z: -0, w: 0.7071068}
  m_LocalPosition: {x: -0, y: 0, z: 0}
  m_LocalScale: {x: 1, y: 1, z: 1}
  m_Children: []
  m_Father: {fileID: 439719837}
  m_RootOrder: 12
  m_LocalEulerAnglesHint: {x: 0, y: 0, z: 0}
--- !u!137 &692658944
SkinnedMeshRenderer:
  m_ObjectHideFlags: 0
  m_PrefabParentObject: {fileID: 137140206553510882, guid: 0584839bceadb844fa31b1ca352056ba,
    type: 2}
  m_PrefabInternal: {fileID: 1978629799}
  m_GameObject: {fileID: 692658942}
  m_Enabled: 1
  m_CastShadows: 1
  m_ReceiveShadows: 1
  m_DynamicOccludee: 1
  m_MotionVectors: 1
  m_LightProbeUsage: 1
  m_ReflectionProbeUsage: 1
  m_RenderingLayerMask: 4294967295
  m_Materials:
  - {fileID: 2100000, guid: 4bd180b051e2ca54ebfe82cf04ec20a6, type: 2}
  m_StaticBatchInfo:
    firstSubMesh: 0
    subMeshCount: 0
  m_StaticBatchRoot: {fileID: 0}
  m_ProbeAnchor: {fileID: 0}
  m_LightProbeVolumeOverride: {fileID: 0}
  m_ScaleInLightmap: 1
  m_PreserveUVs: 0
  m_IgnoreNormalsForChartDetection: 0
  m_ImportantGI: 0
  m_StitchLightmapSeams: 0
  m_SelectedEditorRenderState: 3
  m_MinimumChartSize: 4
  m_AutoUVMaxDistance: 0.5
  m_AutoUVMaxAngle: 89
  m_LightmapParameters: {fileID: 0}
  m_SortingLayerID: 0
  m_SortingLayer: 0
  m_SortingOrder: 0
  serializedVersion: 2
  m_Quality: 0
  m_UpdateWhenOffscreen: 0
  m_SkinnedMotionVectors: 1
  m_Mesh: {fileID: 4300020, guid: fe2eb0b4e90413643a3ddc78c368140f, type: 3}
  m_Bones:
  - {fileID: 1911470919}
  - {fileID: 1637804539}
  - {fileID: 86050713}
  - {fileID: 1133836777}
  - {fileID: 1613820628}
  - {fileID: 248565817}
  m_BlendShapeWeights: []
  m_RootBone: {fileID: 1133836777}
  m_AABB:
    m_Center: {x: 0.56144977, y: -0.035665564, z: -0.17178778}
    m_Extent: {x: 0.31089664, y: 0.15442342, z: 0.12632255}
  m_DirtyAABB: 0
--- !u!1 &725215616
GameObject:
  m_ObjectHideFlags: 0
  m_PrefabParentObject: {fileID: 1834815839377946, guid: 0584839bceadb844fa31b1ca352056ba,
    type: 2}
  m_PrefabInternal: {fileID: 1978629799}
  serializedVersion: 5
  m_Component:
  - component: {fileID: 725215617}
  - component: {fileID: 725215618}
  m_Layer: 0
  m_Name: L Spine1
  m_TagString: Untagged
  m_Icon: {fileID: 0}
  m_NavMeshLayer: 0
  m_StaticEditorFlags: 0
  m_IsActive: 1
--- !u!4 &725215617
Transform:
  m_ObjectHideFlags: 0
  m_PrefabParentObject: {fileID: 4544853956070004, guid: 0584839bceadb844fa31b1ca352056ba,
    type: 2}
  m_PrefabInternal: {fileID: 1978629799}
  m_GameObject: {fileID: 725215616}
  m_LocalRotation: {x: -0.7071068, y: 0, z: -0, w: 0.7071068}
  m_LocalPosition: {x: -0.199, y: 0, z: 0}
  m_LocalScale: {x: 1, y: 1, z: 1}
  m_Children: []
  m_Father: {fileID: 439719837}
  m_RootOrder: 10
  m_LocalEulerAnglesHint: {x: 0, y: 0, z: 0}
--- !u!137 &725215618
SkinnedMeshRenderer:
  m_ObjectHideFlags: 0
  m_PrefabParentObject: {fileID: 137847887424583636, guid: 0584839bceadb844fa31b1ca352056ba,
    type: 2}
  m_PrefabInternal: {fileID: 1978629799}
  m_GameObject: {fileID: 725215616}
  m_Enabled: 1
  m_CastShadows: 1
  m_ReceiveShadows: 1
  m_DynamicOccludee: 1
  m_MotionVectors: 1
  m_LightProbeUsage: 1
  m_ReflectionProbeUsage: 1
  m_RenderingLayerMask: 4294967295
  m_Materials:
  - {fileID: 2100000, guid: 4bd180b051e2ca54ebfe82cf04ec20a6, type: 2}
  m_StaticBatchInfo:
    firstSubMesh: 0
    subMeshCount: 0
  m_StaticBatchRoot: {fileID: 0}
  m_ProbeAnchor: {fileID: 0}
  m_LightProbeVolumeOverride: {fileID: 0}
  m_ScaleInLightmap: 1
  m_PreserveUVs: 0
  m_IgnoreNormalsForChartDetection: 0
  m_ImportantGI: 0
  m_StitchLightmapSeams: 0
  m_SelectedEditorRenderState: 3
  m_MinimumChartSize: 4
  m_AutoUVMaxDistance: 0.5
  m_AutoUVMaxAngle: 89
  m_LightmapParameters: {fileID: 0}
  m_SortingLayerID: 0
  m_SortingLayer: 0
  m_SortingOrder: 0
  serializedVersion: 2
  m_Quality: 0
  m_UpdateWhenOffscreen: 0
  m_SkinnedMotionVectors: 1
  m_Mesh: {fileID: 4300012, guid: fe2eb0b4e90413643a3ddc78c368140f, type: 3}
  m_Bones:
  - {fileID: 650999947}
  - {fileID: 1859774010}
  - {fileID: 603373902}
  - {fileID: 328928297}
  - {fileID: 405730894}
  - {fileID: 1518084014}
  - {fileID: 2075180204}
  - {fileID: 1047071642}
  - {fileID: 397127953}
  m_BlendShapeWeights: []
  m_RootBone: {fileID: 1047071642}
  m_AABB:
    m_Center: {x: -0.4200532, y: 0.031661347, z: 0.04192227}
    m_Extent: {x: 0.22127739, y: 0.1596856, z: 0.2592042}
  m_DirtyAABB: 0
--- !u!1 &956433372
GameObject:
  m_ObjectHideFlags: 0
  m_PrefabParentObject: {fileID: 0}
  m_PrefabInternal: {fileID: 0}
  serializedVersion: 5
  m_Component:
  - component: {fileID: 956433374}
  - component: {fileID: 956433373}
  m_Layer: 0
  m_Name: Light Probe Group
  m_TagString: Untagged
  m_Icon: {fileID: 0}
  m_NavMeshLayer: 0
  m_StaticEditorFlags: 0
  m_IsActive: 0
--- !u!220 &956433373
LightProbeGroup:
  m_ObjectHideFlags: 0
  m_PrefabParentObject: {fileID: 0}
  m_PrefabInternal: {fileID: 0}
  m_GameObject: {fileID: 956433372}
  m_Enabled: 1
  m_SourcePositions:
  - {x: -3.2884068, y: 1, z: 2.7584093}
  - {x: -3.2884068, y: 1, z: 0.758409}
  - {x: -3.2884068, y: -1, z: 2.7584093}
  - {x: -3.2884068, y: -1, z: 0.758409}
  - {x: -5.2884064, y: 1, z: 2.7584093}
  - {x: -5.2884064, y: 1, z: 0.758409}
  - {x: -5.2884064, y: -1, z: 2.7584093}
  - {x: -5.2884064, y: -1, z: 0.758409}
  - {x: 1, y: 1, z: 2.7584093}
  - {x: 1, y: 1, z: 0.758409}
  - {x: 1, y: -1, z: 2.7584093}
  - {x: 1, y: -1, z: 0.758409}
  - {x: -1, y: 1, z: 2.7584093}
  - {x: -1, y: 1, z: 0.758409}
  - {x: -1, y: -1, z: 2.7584093}
  - {x: -1, y: -1, z: 0.758409}
  - {x: -3.2884068, y: 1, z: -1.877526}
  - {x: -3.2884068, y: 1, z: -3.8775263}
  - {x: -3.2884068, y: -1, z: -1.877526}
  - {x: -3.2884068, y: -1, z: -3.8775263}
  - {x: -5.2884064, y: 1, z: -1.877526}
  - {x: -5.2884064, y: 1, z: -3.8775263}
  - {x: -5.2884064, y: -1, z: -1.877526}
  - {x: -5.2884064, y: -1, z: -3.8775263}
  - {x: 1, y: 1, z: -1.877526}
  - {x: 1, y: 1, z: -3.8775263}
  - {x: 1, y: -1, z: -1.877526}
  - {x: 1, y: -1, z: -3.8775263}
  - {x: -1, y: 1, z: -1.877526}
  - {x: -1, y: 1, z: -3.8775263}
  - {x: -1, y: -1, z: -1.877526}
  - {x: -1, y: -1, z: -3.8775263}
--- !u!4 &956433374
Transform:
  m_ObjectHideFlags: 0
  m_PrefabParentObject: {fileID: 0}
  m_PrefabInternal: {fileID: 0}
  m_GameObject: {fileID: 956433372}
  m_LocalRotation: {x: 0, y: 0, z: 0, w: 1}
  m_LocalPosition: {x: 2.231, y: 1.166, z: 0.17528558}
  m_LocalScale: {x: 1, y: 1, z: 1}
  m_Children: []
  m_Father: {fileID: 0}
  m_RootOrder: 4
  m_LocalEulerAnglesHint: {x: 0, y: 0, z: 0}
--- !u!1 &973113173
GameObject:
  m_ObjectHideFlags: 0
  m_PrefabParentObject: {fileID: 1622545415884722, guid: 0584839bceadb844fa31b1ca352056ba,
    type: 2}
  m_PrefabInternal: {fileID: 1978629799}
  serializedVersion: 5
  m_Component:
  - component: {fileID: 973113174}
  - component: {fileID: 973113175}
  m_Layer: 0
  m_Name: L Spine
  m_TagString: Untagged
  m_Icon: {fileID: 0}
  m_NavMeshLayer: 0
  m_StaticEditorFlags: 0
  m_IsActive: 1
--- !u!4 &973113174
Transform:
  m_ObjectHideFlags: 0
  m_PrefabParentObject: {fileID: 4873225354995068, guid: 0584839bceadb844fa31b1ca352056ba,
    type: 2}
  m_PrefabInternal: {fileID: 1978629799}
  m_GameObject: {fileID: 973113173}
  m_LocalRotation: {x: -0.7071068, y: 0, z: -0, w: 0.7071068}
  m_LocalPosition: {x: -0, y: 0, z: 0}
  m_LocalScale: {x: 1, y: 1, z: 1}
  m_Children: []
  m_Father: {fileID: 439719837}
  m_RootOrder: 9
  m_LocalEulerAnglesHint: {x: 0, y: 0, z: 0}
--- !u!137 &973113175
SkinnedMeshRenderer:
  m_ObjectHideFlags: 0
  m_PrefabParentObject: {fileID: 137608500834776058, guid: 0584839bceadb844fa31b1ca352056ba,
    type: 2}
  m_PrefabInternal: {fileID: 1978629799}
  m_GameObject: {fileID: 973113173}
  m_Enabled: 1
  m_CastShadows: 1
  m_ReceiveShadows: 1
  m_DynamicOccludee: 1
  m_MotionVectors: 1
  m_LightProbeUsage: 1
  m_ReflectionProbeUsage: 1
  m_RenderingLayerMask: 4294967295
  m_Materials:
  - {fileID: 2100000, guid: 4bd180b051e2ca54ebfe82cf04ec20a6, type: 2}
  m_StaticBatchInfo:
    firstSubMesh: 0
    subMeshCount: 0
  m_StaticBatchRoot: {fileID: 0}
  m_ProbeAnchor: {fileID: 0}
  m_LightProbeVolumeOverride: {fileID: 0}
  m_ScaleInLightmap: 1
  m_PreserveUVs: 0
  m_IgnoreNormalsForChartDetection: 0
  m_ImportantGI: 0
  m_StitchLightmapSeams: 0
  m_SelectedEditorRenderState: 3
  m_MinimumChartSize: 4
  m_AutoUVMaxDistance: 0.5
  m_AutoUVMaxAngle: 89
  m_LightmapParameters: {fileID: 0}
  m_SortingLayerID: 0
  m_SortingLayer: 0
  m_SortingOrder: 0
  serializedVersion: 2
  m_Quality: 0
  m_UpdateWhenOffscreen: 0
  m_SkinnedMotionVectors: 1
  m_Mesh: {fileID: 4300010, guid: fe2eb0b4e90413643a3ddc78c368140f, type: 3}
  m_Bones:
  - {fileID: 1047071642}
  - {fileID: 405730894}
  - {fileID: 1133836777}
  - {fileID: 1911470919}
  - {fileID: 86050713}
  - {fileID: 328928297}
  - {fileID: 1859774010}
  - {fileID: 2075180204}
  - {fileID: 1728021068}
  m_BlendShapeWeights: []
  m_RootBone: {fileID: 1728021068}
  m_AABB:
    m_Center: {x: 0.009963736, y: 0.04048611, z: 0.2867816}
    m_Extent: {x: 0.16895811, y: 0.11889446, z: 0.22239278}
  m_DirtyAABB: 0
--- !u!1 &1047071641
GameObject:
  m_ObjectHideFlags: 0
  m_PrefabParentObject: {fileID: 1708488552866290, guid: 0584839bceadb844fa31b1ca352056ba,
    type: 2}
  m_PrefabInternal: {fileID: 1978629799}
  serializedVersion: 5
  m_Component:
  - component: {fileID: 1047071642}
  m_Layer: 0
  m_Name: Bip01 Spine
  m_TagString: Untagged
  m_Icon: {fileID: 0}
  m_NavMeshLayer: 0
  m_StaticEditorFlags: 0
  m_IsActive: 1
--- !u!4 &1047071642
Transform:
  m_ObjectHideFlags: 0
  m_PrefabParentObject: {fileID: 4463608297701246, guid: 0584839bceadb844fa31b1ca352056ba,
    type: 2}
  m_PrefabInternal: {fileID: 1978629799}
  m_GameObject: {fileID: 1047071641}
  m_LocalRotation: {x: -0.0000020018456, y: 0.00000062178015, z: 0.09843173, w: 0.99514383}
  m_LocalPosition: {x: -0.09209221, y: -0.00021041452, z: 0.00000012800527}
  m_LocalScale: {x: 1, y: 0.99999994, z: 0.99999994}
  m_Children:
  - {fileID: 1911470919}
  - {fileID: 86050713}
  - {fileID: 405730894}
  m_Father: {fileID: 1133836777}
  m_RootOrder: 0
  m_LocalEulerAnglesHint: {x: 0, y: 0, z: 0}
--- !u!1 &1086514445
GameObject:
  m_ObjectHideFlags: 0
  m_PrefabParentObject: {fileID: 1525103234587934, guid: 0584839bceadb844fa31b1ca352056ba,
    type: 2}
  m_PrefabInternal: {fileID: 1978629799}
  serializedVersion: 5
  m_Component:
  - component: {fileID: 1086514446}
  - component: {fileID: 1086514447}
  m_Layer: 0
  m_Name: R Hand
  m_TagString: Untagged
  m_Icon: {fileID: 0}
  m_NavMeshLayer: 0
  m_StaticEditorFlags: 0
  m_IsActive: 1
--- !u!4 &1086514446
Transform:
  m_ObjectHideFlags: 0
  m_PrefabParentObject: {fileID: 4382187119034446, guid: 0584839bceadb844fa31b1ca352056ba,
    type: 2}
  m_PrefabInternal: {fileID: 1978629799}
  m_GameObject: {fileID: 1086514445}
  m_LocalRotation: {x: -0.7071068, y: 0, z: -0, w: 0.7071068}
  m_LocalPosition: {x: -0, y: 0, z: 0}
  m_LocalScale: {x: 1, y: 1, z: 1}
  m_Children: []
  m_Father: {fileID: 439719837}
  m_RootOrder: 14
  m_LocalEulerAnglesHint: {x: 0, y: 0, z: 0}
--- !u!137 &1086514447
SkinnedMeshRenderer:
  m_ObjectHideFlags: 0
  m_PrefabParentObject: {fileID: 137039581699937316, guid: 0584839bceadb844fa31b1ca352056ba,
    type: 2}
  m_PrefabInternal: {fileID: 1978629799}
  m_GameObject: {fileID: 1086514445}
  m_Enabled: 1
  m_CastShadows: 1
  m_ReceiveShadows: 1
  m_DynamicOccludee: 1
  m_MotionVectors: 1
  m_LightProbeUsage: 1
  m_ReflectionProbeUsage: 1
  m_RenderingLayerMask: 4294967295
  m_Materials:
  - {fileID: 2100000, guid: 4bd180b051e2ca54ebfe82cf04ec20a6, type: 2}
  m_StaticBatchInfo:
    firstSubMesh: 0
    subMeshCount: 0
  m_StaticBatchRoot: {fileID: 0}
  m_ProbeAnchor: {fileID: 0}
  m_LightProbeVolumeOverride: {fileID: 0}
  m_ScaleInLightmap: 1
  m_PreserveUVs: 0
  m_IgnoreNormalsForChartDetection: 0
  m_ImportantGI: 0
  m_StitchLightmapSeams: 0
  m_SelectedEditorRenderState: 3
  m_MinimumChartSize: 4
  m_AutoUVMaxDistance: 0.5
  m_AutoUVMaxAngle: 89
  m_LightmapParameters: {fileID: 0}
  m_SortingLayerID: 0
  m_SortingLayer: 0
  m_SortingOrder: 0
  serializedVersion: 2
  m_Quality: 0
  m_UpdateWhenOffscreen: 0
  m_SkinnedMotionVectors: 1
  m_Mesh: {fileID: 4300032, guid: fe2eb0b4e90413643a3ddc78c368140f, type: 3}
  m_Bones:
  - {fileID: 2041516040}
  - {fileID: 1483132189}
  m_BlendShapeWeights: []
  m_RootBone: {fileID: 2041516040}
  m_AABB:
    m_Center: {x: -0.3015614, y: -0.0019324645, z: 0.05306163}
    m_Extent: {x: 0.14694151, y: 0.10307154, z: 0.11044496}
  m_DirtyAABB: 0
--- !u!1 &1133836776
GameObject:
  m_ObjectHideFlags: 0
  m_PrefabParentObject: {fileID: 1732001255218256, guid: 0584839bceadb844fa31b1ca352056ba,
    type: 2}
  m_PrefabInternal: {fileID: 1978629799}
  serializedVersion: 5
  m_Component:
  - component: {fileID: 1133836777}
  m_Layer: 0
  m_Name: Bip01 Pelvis
  m_TagString: Untagged
  m_Icon: {fileID: 0}
  m_NavMeshLayer: 0
  m_StaticEditorFlags: 0
  m_IsActive: 1
--- !u!4 &1133836777
Transform:
  m_ObjectHideFlags: 0
  m_PrefabParentObject: {fileID: 4808463715152680, guid: 0584839bceadb844fa31b1ca352056ba,
    type: 2}
  m_PrefabInternal: {fileID: 1978629799}
  m_GameObject: {fileID: 1133836776}
  m_LocalRotation: {x: -0.5, y: 0.5, z: 0.49999934, w: 0.50000066}
  m_LocalPosition: {x: -0, y: 0, z: 0}
  m_LocalScale: {x: 1, y: 0.99999994, z: 0.99999994}
  m_Children:
  - {fileID: 1047071642}
  m_Father: {fileID: 1728021068}
  m_RootOrder: 0
  m_LocalEulerAnglesHint: {x: 0, y: 0, z: 0}
--- !u!1 &1406201965
GameObject:
  m_ObjectHideFlags: 0
  m_PrefabParentObject: {fileID: 0}
  m_PrefabInternal: {fileID: 0}
  serializedVersion: 5
  m_Component:
  - component: {fileID: 1406201969}
  - component: {fileID: 1406201968}
  - component: {fileID: 1406201967}
  - component: {fileID: 1406201966}
  m_Layer: 0
  m_Name: Plane
  m_TagString: Untagged
  m_Icon: {fileID: 0}
  m_NavMeshLayer: 0
  m_StaticEditorFlags: 4294967295
  m_IsActive: 1
--- !u!23 &1406201966
MeshRenderer:
  m_ObjectHideFlags: 0
  m_PrefabParentObject: {fileID: 0}
  m_PrefabInternal: {fileID: 0}
  m_GameObject: {fileID: 1406201965}
  m_Enabled: 1
  m_CastShadows: 1
  m_ReceiveShadows: 1
  m_DynamicOccludee: 1
  m_MotionVectors: 1
  m_LightProbeUsage: 0
  m_ReflectionProbeUsage: 1
  m_RenderingLayerMask: 4294967295
  m_Materials:
  - {fileID: 2100000, guid: e7ed6772552b9e4488b1398f8282ed3b, type: 2}
  m_StaticBatchInfo:
    firstSubMesh: 0
    subMeshCount: 0
  m_StaticBatchRoot: {fileID: 0}
  m_ProbeAnchor: {fileID: 0}
  m_LightProbeVolumeOverride: {fileID: 0}
  m_ScaleInLightmap: 1
  m_PreserveUVs: 0
  m_IgnoreNormalsForChartDetection: 0
  m_ImportantGI: 0
  m_StitchLightmapSeams: 0
  m_SelectedEditorRenderState: 3
  m_MinimumChartSize: 4
  m_AutoUVMaxDistance: 0.5
  m_AutoUVMaxAngle: 89
  m_LightmapParameters: {fileID: 0}
  m_SortingLayerID: 0
  m_SortingLayer: 0
  m_SortingOrder: 0
--- !u!64 &1406201967
MeshCollider:
  m_ObjectHideFlags: 0
  m_PrefabParentObject: {fileID: 0}
  m_PrefabInternal: {fileID: 0}
  m_GameObject: {fileID: 1406201965}
  m_Material: {fileID: 0}
  m_IsTrigger: 0
  m_Enabled: 1
  serializedVersion: 3
  m_Convex: 0
  m_CookingOptions: 14
  m_SkinWidth: 0.01
  m_Mesh: {fileID: 10209, guid: 0000000000000000e000000000000000, type: 0}
--- !u!33 &1406201968
MeshFilter:
  m_ObjectHideFlags: 0
  m_PrefabParentObject: {fileID: 0}
  m_PrefabInternal: {fileID: 0}
  m_GameObject: {fileID: 1406201965}
  m_Mesh: {fileID: 10209, guid: 0000000000000000e000000000000000, type: 0}
--- !u!4 &1406201969
Transform:
  m_ObjectHideFlags: 0
  m_PrefabParentObject: {fileID: 0}
  m_PrefabInternal: {fileID: 0}
  m_GameObject: {fileID: 1406201965}
  m_LocalRotation: {x: 0, y: 0, z: 0, w: 1}
  m_LocalPosition: {x: 0, y: 0, z: 0}
  m_LocalScale: {x: 1, y: 1, z: 1}
  m_Children: []
  m_Father: {fileID: 0}
  m_RootOrder: 2
  m_LocalEulerAnglesHint: {x: 0, y: 0, z: 0}
--- !u!1 &1430005178
GameObject:
  m_ObjectHideFlags: 0
  m_PrefabParentObject: {fileID: 1342411359040796, guid: 0584839bceadb844fa31b1ca352056ba,
    type: 2}
  m_PrefabInternal: {fileID: 1978629799}
  serializedVersion: 5
  m_Component:
  - component: {fileID: 1430005179}
  m_Layer: 0
  m_Name: Bip01 L Hand
  m_TagString: Untagged
  m_Icon: {fileID: 0}
  m_NavMeshLayer: 0
  m_StaticEditorFlags: 0
  m_IsActive: 1
--- !u!4 &1430005179
Transform:
  m_ObjectHideFlags: 0
  m_PrefabParentObject: {fileID: 4716609122578400, guid: 0584839bceadb844fa31b1ca352056ba,
    type: 2}
  m_PrefabInternal: {fileID: 1978629799}
  m_GameObject: {fileID: 1430005178}
  m_LocalRotation: {x: -0.6549012, y: -0.11037253, z: -0.2659261, w: 0.6987171}
  m_LocalPosition: {x: -0.24035, y: -0.000000038146972, z: 0.00000015258789}
  m_LocalScale: {x: 1.0000001, y: 1, z: 1.0000001}
  m_Children: []
  m_Father: {fileID: 1669589450}
  m_RootOrder: 0
  m_LocalEulerAnglesHint: {x: 0, y: 0, z: 0}
--- !u!1 &1483132188
GameObject:
  m_ObjectHideFlags: 0
  m_PrefabParentObject: {fileID: 1036958502221856, guid: 0584839bceadb844fa31b1ca352056ba,
    type: 2}
  m_PrefabInternal: {fileID: 1978629799}
  serializedVersion: 5
  m_Component:
  - component: {fileID: 1483132189}
  m_Layer: 0
  m_Name: Bip01 R Hand
  m_TagString: Untagged
  m_Icon: {fileID: 0}
  m_NavMeshLayer: 0
  m_StaticEditorFlags: 0
  m_IsActive: 1
--- !u!4 &1483132189
Transform:
  m_ObjectHideFlags: 0
  m_PrefabParentObject: {fileID: 4733025387587166, guid: 0584839bceadb844fa31b1ca352056ba,
    type: 2}
  m_PrefabInternal: {fileID: 1978629799}
  m_GameObject: {fileID: 1483132188}
  m_LocalRotation: {x: 0.6549012, y: 0.11037252, z: -0.26592615, w: 0.6987171}
  m_LocalPosition: {x: -0.24034995, y: -0.000000076293944, z: -0.000000076293944}
  m_LocalScale: {x: 1, y: 1, z: 1}
  m_Children: []
  m_Father: {fileID: 2041516040}
  m_RootOrder: 0
  m_LocalEulerAnglesHint: {x: 0, y: 0, z: 0}
--- !u!1 &1484491758
GameObject:
  m_ObjectHideFlags: 0
  m_PrefabParentObject: {fileID: 1075110235505530, guid: 0584839bceadb844fa31b1ca352056ba,
    type: 2}
  m_PrefabInternal: {fileID: 1978629799}
  serializedVersion: 5
  m_Component:
  - component: {fileID: 1484491759}
  - component: {fileID: 1484491760}
  m_Layer: 0
  m_Name: ' R Thigh'
  m_TagString: Untagged
  m_Icon: {fileID: 0}
  m_NavMeshLayer: 0
  m_StaticEditorFlags: 0
  m_IsActive: 1
--- !u!4 &1484491759
Transform:
  m_ObjectHideFlags: 0
  m_PrefabParentObject: {fileID: 4627564319832446, guid: 0584839bceadb844fa31b1ca352056ba,
    type: 2}
  m_PrefabInternal: {fileID: 1978629799}
  m_GameObject: {fileID: 1484491758}
  m_LocalRotation: {x: -0.7071068, y: 0, z: -0, w: 0.7071068}
  m_LocalPosition: {x: -0, y: 0, z: 0}
  m_LocalScale: {x: 1, y: 1, z: 1}
  m_Children: []
  m_Father: {fileID: 439719837}
  m_RootOrder: 5
  m_LocalEulerAnglesHint: {x: 0, y: 0, z: 0}
--- !u!137 &1484491760
SkinnedMeshRenderer:
  m_ObjectHideFlags: 0
  m_PrefabParentObject: {fileID: 137807788981431422, guid: 0584839bceadb844fa31b1ca352056ba,
    type: 2}
  m_PrefabInternal: {fileID: 1978629799}
  m_GameObject: {fileID: 1484491758}
  m_Enabled: 1
  m_CastShadows: 1
  m_ReceiveShadows: 1
  m_DynamicOccludee: 1
  m_MotionVectors: 1
  m_LightProbeUsage: 1
  m_ReflectionProbeUsage: 1
  m_RenderingLayerMask: 4294967295
  m_Materials:
  - {fileID: 2100000, guid: 4bd180b051e2ca54ebfe82cf04ec20a6, type: 2}
  m_StaticBatchInfo:
    firstSubMesh: 0
    subMeshCount: 0
  m_StaticBatchRoot: {fileID: 0}
  m_ProbeAnchor: {fileID: 0}
  m_LightProbeVolumeOverride: {fileID: 0}
  m_ScaleInLightmap: 1
  m_PreserveUVs: 0
  m_IgnoreNormalsForChartDetection: 0
  m_ImportantGI: 0
  m_StitchLightmapSeams: 0
  m_SelectedEditorRenderState: 3
  m_MinimumChartSize: 4
  m_AutoUVMaxDistance: 0.5
  m_AutoUVMaxAngle: 89
  m_LightmapParameters: {fileID: 0}
  m_SortingLayerID: 0
  m_SortingLayer: 0
  m_SortingOrder: 0
  serializedVersion: 2
  m_Quality: 0
  m_UpdateWhenOffscreen: 0
  m_SkinnedMotionVectors: 1
  m_Mesh: {fileID: 4300018, guid: fe2eb0b4e90413643a3ddc78c368140f, type: 3}
  m_Bones:
  - {fileID: 1133836777}
  - {fileID: 86050713}
  - {fileID: 1047071642}
  - {fileID: 1911470919}
  - {fileID: 1637804539}
  - {fileID: 1728021068}
  m_BlendShapeWeights: []
  m_RootBone: {fileID: 1728021068}
  m_AABB:
    m_Center: {x: -0.004833117, y: -0.12025787, z: -0.20244738}
    m_Extent: {x: 0.10976149, y: 0.122868046, z: 0.24149007}
  m_DirtyAABB: 0
--- !u!1 &1514019897
GameObject:
  m_ObjectHideFlags: 0
  m_PrefabParentObject: {fileID: 1218460168306878, guid: 0584839bceadb844fa31b1ca352056ba,
    type: 2}
  m_PrefabInternal: {fileID: 1978629799}
  serializedVersion: 5
  m_Component:
  - component: {fileID: 1514019898}
  - component: {fileID: 1514019899}
  m_Layer: 0
  m_Name: L Hand
  m_TagString: Untagged
  m_Icon: {fileID: 0}
  m_NavMeshLayer: 0
  m_StaticEditorFlags: 0
  m_IsActive: 1
--- !u!4 &1514019898
Transform:
  m_ObjectHideFlags: 0
  m_PrefabParentObject: {fileID: 4654265710181534, guid: 0584839bceadb844fa31b1ca352056ba,
    type: 2}
  m_PrefabInternal: {fileID: 1978629799}
  m_GameObject: {fileID: 1514019897}
  m_LocalRotation: {x: -0.7071068, y: 0, z: -0, w: 0.7071068}
  m_LocalPosition: {x: -0, y: 0, z: 0}
  m_LocalScale: {x: 1, y: 1, z: 1}
  m_Children: []
  m_Father: {fileID: 439719837}
  m_RootOrder: 8
  m_LocalEulerAnglesHint: {x: 0, y: 0, z: 0}
--- !u!137 &1514019899
SkinnedMeshRenderer:
  m_ObjectHideFlags: 0
  m_PrefabParentObject: {fileID: 137613078668911958, guid: 0584839bceadb844fa31b1ca352056ba,
    type: 2}
  m_PrefabInternal: {fileID: 1978629799}
  m_GameObject: {fileID: 1514019897}
  m_Enabled: 1
  m_CastShadows: 1
  m_ReceiveShadows: 1
  m_DynamicOccludee: 1
  m_MotionVectors: 1
  m_LightProbeUsage: 1
  m_ReflectionProbeUsage: 1
  m_RenderingLayerMask: 4294967295
  m_Materials:
  - {fileID: 2100000, guid: 4bd180b051e2ca54ebfe82cf04ec20a6, type: 2}
  m_StaticBatchInfo:
    firstSubMesh: 0
    subMeshCount: 0
  m_StaticBatchRoot: {fileID: 0}
  m_ProbeAnchor: {fileID: 0}
  m_LightProbeVolumeOverride: {fileID: 0}
  m_ScaleInLightmap: 1
  m_PreserveUVs: 0
  m_IgnoreNormalsForChartDetection: 0
  m_ImportantGI: 0
  m_StitchLightmapSeams: 0
  m_SelectedEditorRenderState: 3
  m_MinimumChartSize: 4
  m_AutoUVMaxDistance: 0.5
  m_AutoUVMaxAngle: 89
  m_LightmapParameters: {fileID: 0}
  m_SortingLayerID: 0
  m_SortingLayer: 0
  m_SortingOrder: 0
  serializedVersion: 2
  m_Quality: 0
  m_UpdateWhenOffscreen: 0
  m_SkinnedMotionVectors: 1
  m_Mesh: {fileID: 4300006, guid: fe2eb0b4e90413643a3ddc78c368140f, type: 3}
  m_Bones:
  - {fileID: 1669589450}
  - {fileID: 1430005179}
  - {fileID: 2075180204}
  m_BlendShapeWeights: []
  m_RootBone: {fileID: 2075180204}
  m_AABB:
    m_Center: {x: -0.5705144, y: -0.17333402, z: -0.053062472}
    m_Extent: {x: 0.14890152, y: 0.11821227, z: 0.11044499}
  m_DirtyAABB: 0
--- !u!1 &1518084013
GameObject:
  m_ObjectHideFlags: 0
  m_PrefabParentObject: {fileID: 1702277664650646, guid: 0584839bceadb844fa31b1ca352056ba,
    type: 2}
  m_PrefabInternal: {fileID: 1978629799}
  serializedVersion: 5
  m_Component:
  - component: {fileID: 1518084014}
  m_Layer: 0
  m_Name: Bone01
  m_TagString: Untagged
  m_Icon: {fileID: 0}
  m_NavMeshLayer: 0
  m_StaticEditorFlags: 0
  m_IsActive: 1
--- !u!4 &1518084014
Transform:
  m_ObjectHideFlags: 0
  m_PrefabParentObject: {fileID: 4730573664482244, guid: 0584839bceadb844fa31b1ca352056ba,
    type: 2}
  m_PrefabInternal: {fileID: 1978629799}
  m_GameObject: {fileID: 1518084013}
  m_LocalRotation: {x: -0.58497006, y: 0.8110549, z: 0.00000041840318, w: 0.0000005801117}
  m_LocalPosition: {x: -0.01947052, y: 0.027223773, z: 0}
  m_LocalScale: {x: 1.0000001, y: 1.0000001, z: 1.0000001}
  m_Children: []
  m_Father: {fileID: 650999947}
  m_RootOrder: 0
  m_LocalEulerAnglesHint: {x: 0, y: 0, z: 0}
--- !u!1 &1538814560
GameObject:
  m_ObjectHideFlags: 0
  m_PrefabParentObject: {fileID: 1770995092970126, guid: 0584839bceadb844fa31b1ca352056ba,
    type: 2}
  m_PrefabInternal: {fileID: 1978629799}
  serializedVersion: 5
  m_Component:
  - component: {fileID: 1538814561}
  - component: {fileID: 1538814562}
  m_Layer: 0
  m_Name: R UpperArm
  m_TagString: Untagged
  m_Icon: {fileID: 0}
  m_NavMeshLayer: 0
  m_StaticEditorFlags: 0
  m_IsActive: 1
--- !u!4 &1538814561
Transform:
  m_ObjectHideFlags: 0
  m_PrefabParentObject: {fileID: 4824942938870906, guid: 0584839bceadb844fa31b1ca352056ba,
    type: 2}
  m_PrefabInternal: {fileID: 1978629799}
  m_GameObject: {fileID: 1538814560}
  m_LocalRotation: {x: -0.7071068, y: 0, z: -0, w: 0.7071068}
  m_LocalPosition: {x: -0, y: 0, z: 0}
  m_LocalScale: {x: 1, y: 1, z: 1}
  m_Children: []
  m_Father: {fileID: 439719837}
  m_RootOrder: 17
  m_LocalEulerAnglesHint: {x: 0, y: 0, z: 0}
--- !u!137 &1538814562
SkinnedMeshRenderer:
  m_ObjectHideFlags: 0
  m_PrefabParentObject: {fileID: 137849490839640202, guid: 0584839bceadb844fa31b1ca352056ba,
    type: 2}
  m_PrefabInternal: {fileID: 1978629799}
  m_GameObject: {fileID: 1538814560}
  m_Enabled: 1
  m_CastShadows: 1
  m_ReceiveShadows: 1
  m_DynamicOccludee: 1
  m_MotionVectors: 1
  m_LightProbeUsage: 1
  m_ReflectionProbeUsage: 1
  m_RenderingLayerMask: 4294967295
  m_Materials:
  - {fileID: 2100000, guid: 4bd180b051e2ca54ebfe82cf04ec20a6, type: 2}
  m_StaticBatchInfo:
    firstSubMesh: 0
    subMeshCount: 0
  m_StaticBatchRoot: {fileID: 0}
  m_ProbeAnchor: {fileID: 0}
  m_LightProbeVolumeOverride: {fileID: 0}
  m_ScaleInLightmap: 1
  m_PreserveUVs: 0
  m_IgnoreNormalsForChartDetection: 0
  m_ImportantGI: 0
  m_StitchLightmapSeams: 0
  m_SelectedEditorRenderState: 3
  m_MinimumChartSize: 4
  m_AutoUVMaxDistance: 0.5
  m_AutoUVMaxAngle: 89
  m_LightmapParameters: {fileID: 0}
  m_SortingLayerID: 0
  m_SortingLayer: 0
  m_SortingOrder: 0
  serializedVersion: 2
  m_Quality: 0
  m_UpdateWhenOffscreen: 0
  m_SkinnedMotionVectors: 1
  m_Mesh: {fileID: 4300028, guid: fe2eb0b4e90413643a3ddc78c368140f, type: 3}
  m_Bones:
  - {fileID: 328928297}
  - {fileID: 397127953}
  - {fileID: 405730894}
  - {fileID: 1047071642}
  - {fileID: 2041516040}
  - {fileID: 650999947}
  - {fileID: 1859774010}
  m_BlendShapeWeights: []
  m_RootBone: {fileID: 1047071642}
  m_AABB:
    m_Center: {x: -0.4028489, y: -0.015599415, z: -0.26588854}
    m_Extent: {x: 0.16875799, y: 0.13234702, z: 0.20884946}
  m_DirtyAABB: 0
--- !u!1 &1613820627
GameObject:
  m_ObjectHideFlags: 0
  m_PrefabParentObject: {fileID: 1211742291764976, guid: 0584839bceadb844fa31b1ca352056ba,
    type: 2}
  m_PrefabInternal: {fileID: 1978629799}
  serializedVersion: 5
  m_Component:
  - component: {fileID: 1613820628}
  m_Layer: 0
  m_Name: Bip01 R Foot
  m_TagString: Untagged
  m_Icon: {fileID: 0}
  m_NavMeshLayer: 0
  m_StaticEditorFlags: 0
  m_IsActive: 1
--- !u!4 &1613820628
Transform:
  m_ObjectHideFlags: 0
  m_PrefabParentObject: {fileID: 4292820812853170, guid: 0584839bceadb844fa31b1ca352056ba,
    type: 2}
  m_PrefabInternal: {fileID: 1978629799}
  m_GameObject: {fileID: 1613820627}
  m_LocalRotation: {x: 0.10165291, y: -0.08623447, z: -0.08321711, w: 0.9875754}
  m_LocalPosition: {x: -0.40058422, y: -0.000000009536743, z: 0}
  m_LocalScale: {x: 0.99999994, y: 0.9999999, z: 1}
  m_Children:
  - {fileID: 248565817}
  m_Father: {fileID: 1637804539}
  m_RootOrder: 0
  m_LocalEulerAnglesHint: {x: 0, y: 0, z: 0}
--- !u!1 &1637804538
GameObject:
  m_ObjectHideFlags: 0
  m_PrefabParentObject: {fileID: 1472630854929082, guid: 0584839bceadb844fa31b1ca352056ba,
    type: 2}
  m_PrefabInternal: {fileID: 1978629799}
  serializedVersion: 5
  m_Component:
  - component: {fileID: 1637804539}
  m_Layer: 0
  m_Name: Bip01 R Calf
  m_TagString: Untagged
  m_Icon: {fileID: 0}
  m_NavMeshLayer: 0
  m_StaticEditorFlags: 0
  m_IsActive: 1
--- !u!4 &1637804539
Transform:
  m_ObjectHideFlags: 0
  m_PrefabParentObject: {fileID: 4550765131983298, guid: 0584839bceadb844fa31b1ca352056ba,
    type: 2}
  m_PrefabInternal: {fileID: 1978629799}
  m_GameObject: {fileID: 1637804538}
  m_LocalRotation: {x: 0.0000000014635798, y: 0.000000015090022, z: 0.088544354, w: 0.99607223}
  m_LocalPosition: {x: -0.40058428, y: 0.0000000011920929, z: 0.000000019073486}
  m_LocalScale: {x: 1.0000001, y: 1.0000001, z: 1}
  m_Children:
  - {fileID: 1613820628}
  m_Father: {fileID: 86050713}
  m_RootOrder: 0
  m_LocalEulerAnglesHint: {x: 0, y: 0, z: 0}
--- !u!1 &1669589449
GameObject:
  m_ObjectHideFlags: 0
  m_PrefabParentObject: {fileID: 1398765393062244, guid: 0584839bceadb844fa31b1ca352056ba,
    type: 2}
  m_PrefabInternal: {fileID: 1978629799}
  serializedVersion: 5
  m_Component:
  - component: {fileID: 1669589450}
  m_Layer: 0
  m_Name: Bip01 L Forearm
  m_TagString: Untagged
  m_Icon: {fileID: 0}
  m_NavMeshLayer: 0
  m_StaticEditorFlags: 0
  m_IsActive: 1
--- !u!4 &1669589450
Transform:
  m_ObjectHideFlags: 0
  m_PrefabParentObject: {fileID: 4509202025798804, guid: 0584839bceadb844fa31b1ca352056ba,
    type: 2}
  m_PrefabInternal: {fileID: 1978629799}
  m_GameObject: {fileID: 1669589449}
  m_LocalRotation: {x: 0.000000019830404, y: 0.000000037190215, z: 0.2912493, w: 0.9566472}
  m_LocalPosition: {x: -0.31570095, y: -0.000000038146972, z: 0}
  m_LocalScale: {x: 0.99999994, y: 0.99999994, z: 1}
  m_Children:
  - {fileID: 1430005179}
  m_Father: {fileID: 2075180204}
  m_RootOrder: 0
  m_LocalEulerAnglesHint: {x: 0, y: 0, z: 0}
--- !u!1 &1700329473
GameObject:
  m_ObjectHideFlags: 0
  m_PrefabParentObject: {fileID: 1281367470461582, guid: 0584839bceadb844fa31b1ca352056ba,
    type: 2}
  m_PrefabInternal: {fileID: 1978629799}
  serializedVersion: 5
  m_Component:
  - component: {fileID: 1700329474}
  - component: {fileID: 1700329475}
  m_Layer: 0
  m_Name: R Spine1
  m_TagString: Untagged
  m_Icon: {fileID: 0}
  m_NavMeshLayer: 0
  m_StaticEditorFlags: 0
  m_IsActive: 1
--- !u!4 &1700329474
Transform:
  m_ObjectHideFlags: 0
  m_PrefabParentObject: {fileID: 4159152105943904, guid: 0584839bceadb844fa31b1ca352056ba,
    type: 2}
  m_PrefabInternal: {fileID: 1978629799}
  m_GameObject: {fileID: 1700329473}
  m_LocalRotation: {x: -0.7071068, y: 0, z: -0, w: 0.7071068}
  m_LocalPosition: {x: -0, y: 0, z: 0}
  m_LocalScale: {x: 1, y: 1, z: 1}
  m_Children: []
  m_Father: {fileID: 439719837}
  m_RootOrder: 16
  m_LocalEulerAnglesHint: {x: 0, y: 0, z: 0}
--- !u!137 &1700329475
SkinnedMeshRenderer:
  m_ObjectHideFlags: 0
  m_PrefabParentObject: {fileID: 137832918962932494, guid: 0584839bceadb844fa31b1ca352056ba,
    type: 2}
  m_PrefabInternal: {fileID: 1978629799}
  m_GameObject: {fileID: 1700329473}
  m_Enabled: 1
  m_CastShadows: 1
  m_ReceiveShadows: 1
  m_DynamicOccludee: 1
  m_MotionVectors: 1
  m_LightProbeUsage: 1
  m_ReflectionProbeUsage: 1
  m_RenderingLayerMask: 4294967295
  m_Materials:
  - {fileID: 2100000, guid: 4bd180b051e2ca54ebfe82cf04ec20a6, type: 2}
  m_StaticBatchInfo:
    firstSubMesh: 0
    subMeshCount: 0
  m_StaticBatchRoot: {fileID: 0}
  m_ProbeAnchor: {fileID: 0}
  m_LightProbeVolumeOverride: {fileID: 0}
  m_ScaleInLightmap: 1
  m_PreserveUVs: 0
  m_IgnoreNormalsForChartDetection: 0
  m_ImportantGI: 0
  m_StitchLightmapSeams: 0
  m_SelectedEditorRenderState: 3
  m_MinimumChartSize: 4
  m_AutoUVMaxDistance: 0.5
  m_AutoUVMaxAngle: 89
  m_LightmapParameters: {fileID: 0}
  m_SortingLayerID: 0
  m_SortingLayer: 0
  m_SortingOrder: 0
  serializedVersion: 2
  m_Quality: 0
  m_UpdateWhenOffscreen: 0
  m_SkinnedMotionVectors: 1
  m_Mesh: {fileID: 4300026, guid: fe2eb0b4e90413643a3ddc78c368140f, type: 3}
  m_Bones:
  - {fileID: 650999947}
  - {fileID: 1859774010}
  - {fileID: 603373902}
  - {fileID: 328928297}
  - {fileID: 405730894}
  - {fileID: 1518084014}
  - {fileID: 397127953}
  - {fileID: 1047071642}
  - {fileID: 2075180204}
  m_BlendShapeWeights: []
  m_RootBone: {fileID: 1047071642}
  m_AABB:
    m_Center: {x: -0.42209792, y: 0.03413701, z: -0.04063773}
    m_Extent: {x: 0.22332203, y: 0.16127571, z: 0.2579201}
  m_DirtyAABB: 0
--- !u!1 &1728021067
GameObject:
  m_ObjectHideFlags: 0
  m_PrefabParentObject: {fileID: 1899757229922962, guid: 0584839bceadb844fa31b1ca352056ba,
    type: 2}
  m_PrefabInternal: {fileID: 1978629799}
  serializedVersion: 5
  m_Component:
  - component: {fileID: 1728021068}
  m_Layer: 0
  m_Name: Bip01
  m_TagString: Untagged
  m_Icon: {fileID: 0}
  m_NavMeshLayer: 0
  m_StaticEditorFlags: 0
  m_IsActive: 1
--- !u!4 &1728021068
Transform:
  m_ObjectHideFlags: 0
  m_PrefabParentObject: {fileID: 4209205178343066, guid: 0584839bceadb844fa31b1ca352056ba,
    type: 2}
  m_PrefabInternal: {fileID: 1978629799}
  m_GameObject: {fileID: 1728021067}
  m_LocalRotation: {x: -0.50000036, y: 0.49999967, z: 0.49999967, w: 0.50000036}
  m_LocalPosition: {x: -0, y: 0.8729375, z: -0.0032746887}
  m_LocalScale: {x: 0.9999999, y: 0.9999999, z: 1}
  m_Children:
  - {fileID: 1133836777}
  m_Father: {fileID: 439719837}
  m_RootOrder: 6
  m_LocalEulerAnglesHint: {x: 0, y: 0, z: 0}
--- !u!1 &1782160146
GameObject:
  m_ObjectHideFlags: 0
  m_PrefabParentObject: {fileID: 1123826001982254, guid: 0584839bceadb844fa31b1ca352056ba,
    type: 2}
  m_PrefabInternal: {fileID: 1978629799}
  serializedVersion: 5
  m_Component:
  - component: {fileID: 1782160147}
  m_Layer: 0
  m_Name: Bip01 L Foot
  m_TagString: Untagged
  m_Icon: {fileID: 0}
  m_NavMeshLayer: 0
  m_StaticEditorFlags: 0
  m_IsActive: 1
--- !u!4 &1782160147
Transform:
  m_ObjectHideFlags: 0
  m_PrefabParentObject: {fileID: 4855158646736876, guid: 0584839bceadb844fa31b1ca352056ba,
    type: 2}
  m_PrefabInternal: {fileID: 1978629799}
  m_GameObject: {fileID: 1782160146}
  m_LocalRotation: {x: -0.10165291, y: 0.08623438, z: -0.083217114, w: 0.9875755}
  m_LocalPosition: {x: -0.40058425, y: 0, z: 0}
  m_LocalScale: {x: 1, y: 0.99999994, z: 1}
  m_Children:
  - {fileID: 234378773}
  m_Father: {fileID: 2088664727}
  m_RootOrder: 0
  m_LocalEulerAnglesHint: {x: 0, y: 0, z: 0}
--- !u!1 &1859774009
GameObject:
  m_ObjectHideFlags: 0
  m_PrefabParentObject: {fileID: 1753337363270356, guid: 0584839bceadb844fa31b1ca352056ba,
    type: 2}
  m_PrefabInternal: {fileID: 1978629799}
  serializedVersion: 5
  m_Component:
  - component: {fileID: 1859774010}
  m_Layer: 0
  m_Name: Bip01 L Clavicle
  m_TagString: Untagged
  m_Icon: {fileID: 0}
  m_NavMeshLayer: 0
  m_StaticEditorFlags: 0
  m_IsActive: 1
--- !u!4 &1859774010
Transform:
  m_ObjectHideFlags: 0
  m_PrefabParentObject: {fileID: 4185239704286104, guid: 0584839bceadb844fa31b1ca352056ba,
    type: 2}
  m_PrefabInternal: {fileID: 1978629799}
  m_GameObject: {fileID: 1859774009}
  m_LocalRotation: {x: -0.57404083, y: -0.25900236, z: 0.70805144, w: -0.31946525}
  m_LocalPosition: {x: -0, y: 0.000100326535, z: 0.028040826}
  m_LocalScale: {x: 0.99999994, y: 1, z: 0.99999994}
  m_Children:
  - {fileID: 2075180204}
  m_Father: {fileID: 603373902}
  m_RootOrder: 1
  m_LocalEulerAnglesHint: {x: 0, y: 0, z: 0}
--- !u!1 &1911470918
GameObject:
  m_ObjectHideFlags: 0
  m_PrefabParentObject: {fileID: 1063359577383002, guid: 0584839bceadb844fa31b1ca352056ba,
    type: 2}
  m_PrefabInternal: {fileID: 1978629799}
  serializedVersion: 5
  m_Component:
  - component: {fileID: 1911470919}
  m_Layer: 0
  m_Name: Bip01 L Thigh
  m_TagString: Untagged
  m_Icon: {fileID: 0}
  m_NavMeshLayer: 0
  m_StaticEditorFlags: 0
  m_IsActive: 1
--- !u!4 &1911470919
Transform:
  m_ObjectHideFlags: 0
  m_PrefabParentObject: {fileID: 4752025865209894, guid: 0584839bceadb844fa31b1ca352056ba,
    type: 2}
  m_PrefabInternal: {fileID: 1978629799}
  m_GameObject: {fileID: 1911470918}
  m_LocalRotation: {x: 0.10198444, y: 0.99180675, z: -0.007667819, w: 0.07654933}
  m_LocalPosition: {x: 0.09034889, y: -0.017835407, z: 0.0801167}
  m_LocalScale: {x: 1, y: 1.0000001, z: 1}
  m_Children:
  - {fileID: 2088664727}
  m_Father: {fileID: 1047071642}
  m_RootOrder: 0
  m_LocalEulerAnglesHint: {x: 0, y: 0, z: 0}
--- !u!1 &1921944332
GameObject:
  m_ObjectHideFlags: 0
  m_PrefabParentObject: {fileID: 1665061361277390, guid: 0584839bceadb844fa31b1ca352056ba,
    type: 2}
  m_PrefabInternal: {fileID: 1978629799}
  serializedVersion: 5
  m_Component:
  - component: {fileID: 1921944333}
  - component: {fileID: 1921944334}
  m_Layer: 0
  m_Name: ' R Pelvis'
  m_TagString: Untagged
  m_Icon: {fileID: 0}
  m_NavMeshLayer: 0
  m_StaticEditorFlags: 0
  m_IsActive: 1
--- !u!4 &1921944333
Transform:
  m_ObjectHideFlags: 0
  m_PrefabParentObject: {fileID: 4502773247063328, guid: 0584839bceadb844fa31b1ca352056ba,
    type: 2}
  m_PrefabInternal: {fileID: 1978629799}
  m_GameObject: {fileID: 1921944332}
  m_LocalRotation: {x: -0.7071068, y: 0, z: -0, w: 0.7071068}
  m_LocalPosition: {x: -0, y: 0, z: 0}
  m_LocalScale: {x: 1, y: 1, z: 1}
  m_Children: []
  m_Father: {fileID: 439719837}
  m_RootOrder: 4
  m_LocalEulerAnglesHint: {x: 0, y: 0, z: 0}
--- !u!137 &1921944334
SkinnedMeshRenderer:
  m_ObjectHideFlags: 0
  m_PrefabParentObject: {fileID: 137653450528938022, guid: 0584839bceadb844fa31b1ca352056ba,
    type: 2}
  m_PrefabInternal: {fileID: 1978629799}
  m_GameObject: {fileID: 1921944332}
  m_Enabled: 1
  m_CastShadows: 1
  m_ReceiveShadows: 1
  m_DynamicOccludee: 1
  m_MotionVectors: 1
  m_LightProbeUsage: 1
  m_ReflectionProbeUsage: 1
  m_RenderingLayerMask: 4294967295
  m_Materials:
  - {fileID: 2100000, guid: 4bd180b051e2ca54ebfe82cf04ec20a6, type: 2}
  m_StaticBatchInfo:
    firstSubMesh: 0
    subMeshCount: 0
  m_StaticBatchRoot: {fileID: 0}
  m_ProbeAnchor: {fileID: 0}
  m_LightProbeVolumeOverride: {fileID: 0}
  m_ScaleInLightmap: 1
  m_PreserveUVs: 0
  m_IgnoreNormalsForChartDetection: 0
  m_ImportantGI: 0
  m_StitchLightmapSeams: 0
  m_SelectedEditorRenderState: 3
  m_MinimumChartSize: 4
  m_AutoUVMaxDistance: 0.5
  m_AutoUVMaxAngle: 89
  m_LightmapParameters: {fileID: 0}
  m_SortingLayerID: 0
  m_SortingLayer: 0
  m_SortingOrder: 0
  serializedVersion: 2
  m_Quality: 0
  m_UpdateWhenOffscreen: 0
  m_SkinnedMotionVectors: 1
  m_Mesh: {fileID: 4300014, guid: fe2eb0b4e90413643a3ddc78c368140f, type: 3}
  m_Bones:
  - {fileID: 1911470919}
  - {fileID: 1133836777}
  - {fileID: 86050713}
  - {fileID: 1047071642}
  - {fileID: 1728021068}
  - {fileID: 405730894}
  m_BlendShapeWeights: []
  m_RootBone: {fileID: 1728021068}
  m_AABB:
    m_Center: {x: -0.0050251335, y: -0.079432935, z: 0.031810217}
    m_Extent: {x: 0.14492212, y: 0.11242977, z: 0.16120133}
  m_DirtyAABB: 0
--- !u!1001 &1978629799
Prefab:
  m_ObjectHideFlags: 0
  serializedVersion: 2
  m_Modification:
    m_TransformParent: {fileID: 0}
    m_Modifications:
    - target: {fileID: 4846736819855508, guid: 0584839bceadb844fa31b1ca352056ba, type: 2}
      propertyPath: m_LocalPosition.x
      value: 0
      objectReference: {fileID: 0}
    - target: {fileID: 4846736819855508, guid: 0584839bceadb844fa31b1ca352056ba, type: 2}
      propertyPath: m_LocalPosition.y
      value: 0
      objectReference: {fileID: 0}
    - target: {fileID: 4846736819855508, guid: 0584839bceadb844fa31b1ca352056ba, type: 2}
      propertyPath: m_LocalPosition.z
      value: 0
      objectReference: {fileID: 0}
    - target: {fileID: 4846736819855508, guid: 0584839bceadb844fa31b1ca352056ba, type: 2}
      propertyPath: m_LocalRotation.x
      value: 0
      objectReference: {fileID: 0}
    - target: {fileID: 4846736819855508, guid: 0584839bceadb844fa31b1ca352056ba, type: 2}
      propertyPath: m_LocalRotation.y
      value: 0
      objectReference: {fileID: 0}
    - target: {fileID: 4846736819855508, guid: 0584839bceadb844fa31b1ca352056ba, type: 2}
      propertyPath: m_LocalRotation.z
      value: 0
      objectReference: {fileID: 0}
    - target: {fileID: 4846736819855508, guid: 0584839bceadb844fa31b1ca352056ba, type: 2}
      propertyPath: m_LocalRotation.w
      value: 1
      objectReference: {fileID: 0}
    - target: {fileID: 4846736819855508, guid: 0584839bceadb844fa31b1ca352056ba, type: 2}
      propertyPath: m_RootOrder
      value: 1
      objectReference: {fileID: 0}
    - target: {fileID: 4544853956070004, guid: 0584839bceadb844fa31b1ca352056ba, type: 2}
      propertyPath: m_LocalPosition.x
      value: -0.199
      objectReference: {fileID: 0}
    - target: {fileID: 1834815839377946, guid: 0584839bceadb844fa31b1ca352056ba, type: 2}
      propertyPath: m_IsActive
      value: 1
      objectReference: {fileID: 0}
    - target: {fileID: 1281367470461582, guid: 0584839bceadb844fa31b1ca352056ba, type: 2}
      propertyPath: m_IsActive
      value: 1
      objectReference: {fileID: 0}
    - target: {fileID: 1525103234587934, guid: 0584839bceadb844fa31b1ca352056ba, type: 2}
      propertyPath: m_IsActive
      value: 1
      objectReference: {fileID: 0}
    - target: {fileID: 1387413135740240, guid: 0584839bceadb844fa31b1ca352056ba, type: 2}
      propertyPath: m_IsActive
      value: 1
      objectReference: {fileID: 0}
    - target: {fileID: 1853176047475632, guid: 0584839bceadb844fa31b1ca352056ba, type: 2}
      propertyPath: m_IsActive
      value: 1
      objectReference: {fileID: 0}
    - target: {fileID: 1631324403636872, guid: 0584839bceadb844fa31b1ca352056ba, type: 2}
      propertyPath: m_IsActive
      value: 1
      objectReference: {fileID: 0}
    - target: {fileID: 1029473306467566, guid: 0584839bceadb844fa31b1ca352056ba, type: 2}
      propertyPath: m_IsActive
      value: 1
      objectReference: {fileID: 0}
    - target: {fileID: 1074072323130556, guid: 0584839bceadb844fa31b1ca352056ba, type: 2}
      propertyPath: m_IsActive
      value: 1
      objectReference: {fileID: 0}
    - target: {fileID: 1300611964618398, guid: 0584839bceadb844fa31b1ca352056ba, type: 2}
      propertyPath: m_IsActive
      value: 1
      objectReference: {fileID: 0}
    - target: {fileID: 1497435967520026, guid: 0584839bceadb844fa31b1ca352056ba, type: 2}
      propertyPath: m_IsActive
      value: 1
      objectReference: {fileID: 0}
    m_RemovedComponents: []
  m_ParentPrefab: {fileID: 100100000, guid: 0584839bceadb844fa31b1ca352056ba, type: 2}
  m_RootGameObject: {fileID: 439719835}
  m_IsPrefabParent: 0
--- !u!1 &2014092402
GameObject:
  m_ObjectHideFlags: 0
  m_PrefabParentObject: {fileID: 0}
  m_PrefabInternal: {fileID: 0}
  serializedVersion: 5
  m_Component:
  - component: {fileID: 2014092404}
  - component: {fileID: 2014092403}
  m_Layer: 0
  m_Name: Directional light
  m_TagString: Untagged
  m_Icon: {fileID: 0}
  m_NavMeshLayer: 0
  m_StaticEditorFlags: 0
  m_IsActive: 1
--- !u!108 &2014092403
Light:
  m_ObjectHideFlags: 0
  m_PrefabParentObject: {fileID: 0}
  m_PrefabInternal: {fileID: 0}
  m_GameObject: {fileID: 2014092402}
  m_Enabled: 1
  serializedVersion: 8
  m_Type: 1
  m_Color: {r: 1, g: 0.98039216, b: 0.884, a: 1}
  m_Intensity: 1
  m_Range: 10
  m_SpotAngle: 30
  m_CookieSize: 10
  m_Shadows:
    m_Type: 2
    m_Resolution: -1
    m_CustomResolution: -1
    m_Strength: 1
    m_Bias: 0.05
    m_NormalBias: 0.4
    m_NearPlane: 0.2
  m_Cookie: {fileID: 0}
  m_DrawHalo: 0
  m_Flare: {fileID: 0}
  m_RenderMode: 0
  m_CullingMask:
    serializedVersion: 2
    m_Bits: 4294967295
  m_Lightmapping: 4
  m_AreaSize: {x: 1, y: 1}
  m_BounceIntensity: 1
  m_ColorTemperature: 6570
  m_UseColorTemperature: 0
  m_ShadowRadius: 0
  m_ShadowAngle: 0
--- !u!4 &2014092404
Transform:
  m_ObjectHideFlags: 0
  m_PrefabParentObject: {fileID: 0}
  m_PrefabInternal: {fileID: 0}
  m_GameObject: {fileID: 2014092402}
  m_LocalRotation: {x: 0.26679018, y: 0.8600695, z: -0.43443257, w: 0.019284818}
  m_LocalPosition: {x: -0.995, y: 2.7202275, z: 2.25}
  m_LocalScale: {x: 1, y: 1, z: 1}
  m_Children: []
  m_Father: {fileID: 0}
  m_RootOrder: 3
  m_LocalEulerAnglesHint: {x: 49.251003, y: 197.71599, z: 42.639004}
--- !u!1 &2041516039
GameObject:
  m_ObjectHideFlags: 0
  m_PrefabParentObject: {fileID: 1823465484809292, guid: 0584839bceadb844fa31b1ca352056ba,
    type: 2}
  m_PrefabInternal: {fileID: 1978629799}
  serializedVersion: 5
  m_Component:
  - component: {fileID: 2041516040}
  m_Layer: 0
  m_Name: Bip01 R Forearm
  m_TagString: Untagged
  m_Icon: {fileID: 0}
  m_NavMeshLayer: 0
  m_StaticEditorFlags: 0
  m_IsActive: 1
--- !u!4 &2041516040
Transform:
  m_ObjectHideFlags: 0
  m_PrefabParentObject: {fileID: 4930844856983438, guid: 0584839bceadb844fa31b1ca352056ba,
    type: 2}
  m_PrefabInternal: {fileID: 1978629799}
  m_GameObject: {fileID: 2041516039}
  m_LocalRotation: {x: -0.00000003408556, y: -0.000000041530168, z: 0.2912493, w: 0.9566472}
  m_LocalPosition: {x: -0.31570107, y: -0.000000038146972, z: 0}
  m_LocalScale: {x: 0.99999994, y: 1, z: 1}
  m_Children:
  - {fileID: 1483132189}
  m_Father: {fileID: 397127953}
  m_RootOrder: 0
  m_LocalEulerAnglesHint: {x: 0, y: 0, z: 0}
--- !u!1 &2075180203
GameObject:
  m_ObjectHideFlags: 0
  m_PrefabParentObject: {fileID: 1758437185071078, guid: 0584839bceadb844fa31b1ca352056ba,
    type: 2}
  m_PrefabInternal: {fileID: 1978629799}
  serializedVersion: 5
  m_Component:
  - component: {fileID: 2075180204}
  m_Layer: 0
  m_Name: Bip01 L UpperArm
  m_TagString: Untagged
  m_Icon: {fileID: 0}
  m_NavMeshLayer: 0
  m_StaticEditorFlags: 0
  m_IsActive: 1
--- !u!4 &2075180204
Transform:
  m_ObjectHideFlags: 0
  m_PrefabParentObject: {fileID: 4827240890902198, guid: 0584839bceadb844fa31b1ca352056ba,
    type: 2}
  m_PrefabInternal: {fileID: 1978629799}
  m_GameObject: {fileID: 2075180203}
  m_LocalRotation: {x: -0.12126951, y: -0.22002923, z: -0.107915044, w: 0.9618915}
  m_LocalPosition: {x: -0.15238847, y: 0.000000009536743, z: 0}
  m_LocalScale: {x: 1.0000001, y: 1, z: 1.0000001}
  m_Children:
  - {fileID: 1669589450}
  m_Father: {fileID: 1859774010}
  m_RootOrder: 0
  m_LocalEulerAnglesHint: {x: 0, y: 0, z: 0}
--- !u!1 &2080674176
GameObject:
  m_ObjectHideFlags: 0
  m_PrefabParentObject: {fileID: 1387413135740240, guid: 0584839bceadb844fa31b1ca352056ba,
    type: 2}
  m_PrefabInternal: {fileID: 1978629799}
  serializedVersion: 5
  m_Component:
  - component: {fileID: 2080674177}
  - component: {fileID: 2080674178}
  m_Layer: 0
  m_Name: L UpperArm
  m_TagString: Untagged
  m_Icon: {fileID: 0}
  m_NavMeshLayer: 0
  m_StaticEditorFlags: 0
  m_IsActive: 1
--- !u!4 &2080674177
Transform:
  m_ObjectHideFlags: 0
  m_PrefabParentObject: {fileID: 4753760753840866, guid: 0584839bceadb844fa31b1ca352056ba,
    type: 2}
  m_PrefabInternal: {fileID: 1978629799}
  m_GameObject: {fileID: 2080674176}
  m_LocalRotation: {x: -0.7071068, y: 0, z: -0, w: 0.7071068}
  m_LocalPosition: {x: -0, y: 0, z: 0}
  m_LocalScale: {x: 1, y: 1, z: 1}
  m_Children: []
  m_Father: {fileID: 439719837}
  m_RootOrder: 11
  m_LocalEulerAnglesHint: {x: 0, y: 0, z: 0}
--- !u!137 &2080674178
SkinnedMeshRenderer:
  m_ObjectHideFlags: 0
  m_PrefabParentObject: {fileID: 137132326043765644, guid: 0584839bceadb844fa31b1ca352056ba,
    type: 2}
  m_PrefabInternal: {fileID: 1978629799}
  m_GameObject: {fileID: 2080674176}
  m_Enabled: 1
  m_CastShadows: 1
  m_ReceiveShadows: 1
  m_DynamicOccludee: 1
  m_MotionVectors: 1
  m_LightProbeUsage: 1
  m_ReflectionProbeUsage: 1
  m_RenderingLayerMask: 4294967295
  m_Materials:
  - {fileID: 2100000, guid: 4bd180b051e2ca54ebfe82cf04ec20a6, type: 2}
  m_StaticBatchInfo:
    firstSubMesh: 0
    subMeshCount: 0
  m_StaticBatchRoot: {fileID: 0}
  m_ProbeAnchor: {fileID: 0}
  m_LightProbeVolumeOverride: {fileID: 0}
  m_ScaleInLightmap: 1
  m_PreserveUVs: 0
  m_IgnoreNormalsForChartDetection: 0
  m_ImportantGI: 0
  m_StitchLightmapSeams: 0
  m_SelectedEditorRenderState: 3
  m_MinimumChartSize: 4
  m_AutoUVMaxDistance: 0.5
  m_AutoUVMaxAngle: 89
  m_LightmapParameters: {fileID: 0}
  m_SortingLayerID: 0
  m_SortingLayer: 0
  m_SortingOrder: 0
  serializedVersion: 2
  m_Quality: 0
  m_UpdateWhenOffscreen: 0
  m_SkinnedMotionVectors: 1
  m_Mesh: {fileID: 4300002, guid: fe2eb0b4e90413643a3ddc78c368140f, type: 3}
  m_Bones:
  - {fileID: 1859774010}
  - {fileID: 2075180204}
  - {fileID: 405730894}
  - {fileID: 1047071642}
  - {fileID: 1669589450}
  - {fileID: 650999947}
  - {fileID: 328928297}
  m_BlendShapeWeights: []
  m_RootBone: {fileID: 1047071642}
  m_AABB:
    m_Center: {x: -0.41069087, y: -0.012730151, z: 0.25587755}
    m_Extent: {x: 0.160916, y: 0.12947766, z: 0.19883826}
  m_DirtyAABB: 0
--- !u!1 &2088664726
GameObject:
  m_ObjectHideFlags: 0
  m_PrefabParentObject: {fileID: 1093936216438906, guid: 0584839bceadb844fa31b1ca352056ba,
    type: 2}
  m_PrefabInternal: {fileID: 1978629799}
  serializedVersion: 5
  m_Component:
  - component: {fileID: 2088664727}
  m_Layer: 0
  m_Name: Bip01 L Calf
  m_TagString: Untagged
  m_Icon: {fileID: 0}
  m_NavMeshLayer: 0
  m_StaticEditorFlags: 0
  m_IsActive: 1
--- !u!4 &2088664727
Transform:
  m_ObjectHideFlags: 0
  m_PrefabParentObject: {fileID: 4603722628813860, guid: 0584839bceadb844fa31b1ca352056ba,
    type: 2}
  m_PrefabInternal: {fileID: 1978629799}
  m_GameObject: {fileID: 2088664726}
  m_LocalRotation: {x: -0.0000000039786157, y: -0.000000007833632, z: 0.088544354,
    w: 0.99607223}
  m_LocalPosition: {x: -0.40058425, y: 0, z: 0}
  m_LocalScale: {x: 1.0000001, y: 1, z: 1}
  m_Children:
  - {fileID: 1782160147}
  m_Father: {fileID: 1911470919}
  m_RootOrder: 0
  m_LocalEulerAnglesHint: {x: 0, y: 0, z: 0}
